1566 2496
120 145 198 185 120
559 156 660 188 SEX.
690 157 809 187 IULII
840 157 1067 188 FRONTINI

117 267 410 298 CCCLXXXIII:
457 271 508 297 ex
547 271 595 298 eo
635 260 772 299 castris
806 269 861 299 III
902 261 1097 312 quinariae
1135 271 1270 312 LXIX,
1315 262 1499 314 operibus

115 315 282 366 publicis
312 325 343 353 X
370 315 565 366 quinariae
581 324 798 365 CLXXXII,
829 317 1048 357 muneribus
1067 326 1122 356 111
1142 318 1338 369 quinariae
1354 327 1499 369 LXVII,

116 371 264 410 lacibus
293 380 445 410 XXVIII
477 373 673 423 quinariae
703 382 810 411 LXV.

228 427 293 466 84.
353 427 522 479 Virginis
549 429 702 467 nomine
731 429 888 469 exibant
919 436 1028 470 extra
1047 429 1181 470 urbem
1203 431 1401 482 quinariae
1429 439 1498 470 CC.

115 483 306 535 Reliquae
346 485 540 535 quinariae
579 494 614 524 ΙΙ
655 486 758 525 milia
785 494 919 526 CCCIV
947 488 1043 526 intra
1073 486 1207 526 urbem
1234 486 1501 526 dividebantur

116 553 186 592 per
216 541 399 591 regiones
426 550 515 590 VII,
545 550 616 591 IX,
648 551 729 581 XIV
754 543 792 581 in
817 543 979 582 castella
1006 552 1147 582 XVIII:
1184 555 1235 582 ex
1264 543 1402 595 quibus
1430 555 1498 583 no-

114 598 212 635 mine
230 596 410 636 Caesaris
426 598 622 649 quinariae
638 607 799 649 DXLIX,
825 601 984 651 privatis
1001 601 1195 651 quinariae
1212 607 1498 649 CCCXXXVIII,

114 652 247 692 usibus
285 653 451 705 publicis
492 662 764 695 MCCCCXVII:
812 668 862 695 ex
899 667 947 695 eo
985 655 1205 695 muneribus
1235 665 1271 695 11
1301 656 1498 707 quinariae

114 718 250 759 xxx-1,
296 709 444 748 lacibus
484 720 580 749 xxv
617 711 815 763 quinariae
852 722 958 762 LXI,
1007 711 1191 763 operibus
1221 711 1388 763 publicis
1415 721 1498 751 XVI

113 767 309 817 quinariae
333 774 572 810 MCCCXXX;
604 767 640 805 in
664 768 801 819 quibus
829 780 900 820 per
920 781 964 808 se
986 768 1144 820 euripo,
1177 770 1237 807 cui
1255 769 1340 820 ipsa
1359 779 1499 807 nomen

113 822 242 869 dedit,
279 823 476 872 quinariae
508 831 697 862 CCCCLX.

225 878 291 918 85.
352 879 565 918 Alsietinae
612 880 809 931 quinariae
855 889 1052 920 CCCXCII.
1118 880 1226 920 Haec
1263 887 1345 921 tota
1388 887 1497 921 extra

112 934 246 974 urbem
286 936 543 985 consumitur,
586 937 739 975 nomine
771 935 952 976 Caesaris
985 938 1183 989 quinariae
1220 946 1381 988 CCLIV,
1420 938 1498 990 pri-

113 992 211 1030 vatis
244 992 441 1042 quinariae
474 1000 699 1031 CXXXVIII.

223 1047 289 1087 86.
352 1046 511 1087 Claudia
541 1055 580 1087 et
609 1048 708 1088 Anio
739 1048 871 1087 Novus
901 1055 1010 1088 extra
1034 1049 1167 1089 urbem
1195 1051 1354 1103 proprio
1381 1061 1496 1101 qnae-

112 1116 186 1155 que
213 1105 296 1142 rivo
321 1103 599 1155 erogabantur:
631 1106 728 1145 intra
751 1105 885 1144 urbem
908 1106 1250 1146 confundebantur.
1309 1105 1359 1146 Et
1383 1105 1497 1145 Clau·

110 1161 170 1199 dia
213 1160 366 1211 quidem
408 1167 517 1200 extra
561 1161 696 1200 urbem
737 1161 851 1201 dabat
889 1163 1041 1201 nomine
1080 1161 1263 1203 Caesaris
1302 1163 1497 1215 quinarias

111 1225 290 1265 CCXVII,
322 1218 481 1268 privatis
513 1219 706 1269 quinarias
737 1227 1021 1263 CCCCXXXIX;
1053 1218 1153 1258 Anio
1180 1218 1314 1258 Novus
1342 1219 1495 1258 nomine

109 1272 289 1312 Caesaris
327 1274 521 1324 quinarias
558 1282 791 1324 DCCXXXI,
836 1276 997 1326 privatis
1037 1283 1246 1315 CCCCXIV.
1306 1275 1496 1327 Reliquae

109 1330 308 1380 utriusque
347 1331 543 1381 quinariae
572 1339 626 1368 111
657 1331 759 1370 milia
790 1339 1026 1370 DCCCXXIV
1060 1332 1156 1371 intra
1185 1331 1319 1370 urbem
1349 1331 1495 1371 divide-

108 1384 246 1423 bantur
276 1397 347 1436 per
375 1387 560 1436 regiones
591 1386 695 1424 urbis
726 1396 821 1435 XIV,
854 1388 891 1424 in
927 1387 1090 1426 castella
1118 1396 1237 1426 XCII:
1279 1400 1329 1426 ex
1358 1387 1495 1438 quibus

106 1442 259 1479 nomine
295 1440 474 1480 Caesaris
514 1442 710 1492 quinariae
749 1451 1010 1491 DCCLXXIX,
1052 1443 1182 1491 usibus
1221 1443 1382 1494 privatis
1413 1443 1494 1494 qui·

106 1498 236 1536 nariae
257 1505 588 1547 MDCCCXXXIX,
618 1498 749 1537 usibus
773 1498 938 1550 publicis
959 1499 1154 1550 quinariae
1177 1507 1341 1538 MCCVI:
1373 1511 1424 1537 ex
1444 1510 1493 1537 eo

108 1555 246 1592 castris
285 1563 335 1592 IX
373 1555 570 1604 quinariae
610 1562 699 1603 CIV,
739 1554 923 1606 operibus
955 1554 1120 1606 publicis
1149 1565 1268 1594 XVIII
1298 1556 1495 1606 quinariae

106 1619 266 1660 DXXII,
297 1610 516 1648 muneribus
547 1620 614 1649 XII
641 1612 834 1662 quinariae
865 1619 998 1661 XCIX,
1032 1611 1181 1650 lacibus
1212 1619 1384 1651 CCXXVI
1412 1612 1494 1664 qui-

104 1667 236 1705 nariae
267 1674 540 1705 CCCCLXXXI.
1487 1671 1491 1675 '

175 1750 180 1755 -
222 1721 288 1761 87.
348 1722 455 1761 Haec
493 1724 606 1774 copia
644 1735 846 1775 aquarum,
887 1723 933 1762 ad
967 1723 1103 1763 Divum
1129 1723 1297 1763 Nervam
1325 1722 1494 1775 Impera-

107 1785 229 1817 torem
253 1792 375 1830 usque
400 1786 638 1830 computata,
671 1780 716 1818 ad
739 1779 837 1818 hunc
862 1780 1014 1819 modum
1033 1779 1340 1819 describebatur.
1383 1779 1494 1819 Nunc

105 1835 349 1886 providentia
389 1835 671 1886 diligentissimi
716 1835 927 1887 Principis,
975 1835 1155 1888 quicquid
1194 1842 1258 1875 aut
1295 1835 1495 1875 fraudibus

104 1891 346 1942 aquariorum
384 1891 722 1943 intercipiebatur,
765 1898 827 1931 aut
859 1893 994 1931 inertia
1024 1892 1343 1944 pervertebatur,
1385 1893 1493 1944 quasi

106 1959 204 1985 nova
237 1947 456 1986 inventione
486 1948 644 1986 fontium
676 1948 860 1987 adcrevit.
922 1948 981 1987 Ac
1007 1960 1132 2000 prope
1165 1948 1359 2000 publicata
1381 1947 1492 1987 uber-

105 2009 164 2042 tas
190 2009 269 2046 est;
310 2009 507 2054 tamenet
535 2004 671 2043 sedula
699 2005 838 2043 deinde
870 2006 1076 2056 partitione
1107 2004 1326 2054 distributa,
1366 2009 1406 2043 ut
1430 2014 1491 2042 re-

103 2058 302 2110 gionibus,
335 2059 472 2110 quibus
503 2060 677 2110 singulae
705 2060 928 2099 serviebant
953 2073 1101 2113 aquae,
1133 2060 1266 2111 plures
1290 2060 1489 2099 darentur:

105 2123 294 2167 tamquam
326 2113 462 2154 Caelio
490 2121 529 2154 et
556 2116 772 2165 Aventino,
804 2118 841 2155 in
863 2129 962 2168 quos
991 2117 1077 2156 sola
1099 2115 1258 2155 Claudia
1282 2127 1355 2166 per
1375 2126 1490 2154 arcus

103 2171 347 2210 Neronianos
369 2170 599 2210 ducebatur.-
632 2184 709 2223 quo
731 2172 870 2223 fiebat,
893 2179 953 2222 ut,
976 2175 1155 2224 quotiens
1175 2171 1338 2210 refectio
1361 2170 1490 2222 aliqua

103 2229 398 2276 intervenisset,
431 2227 675 2266 celeberrimi
703 2229 827 2267 colles
850 2230 1010 2268 sitirent.
1071 2227 1218 2276 Quibus
1238 2239 1337 2266 nunc
1357 2227 1490 2278 plures

104 2295 250 2334 aquae,
290 2290 328 2323 et
358 2284 395 2322 in
426 2284 557 2335 primis
586 2283 728 2323 Marcia
755 2285 901 2324 reddita
933 2284 1120 2335 ampliore
1149 2294 1272 2334 opere
1303 2295 1325 2322 a
1355 2281 1489 2322 Caelio

105 2341 139 2377 in
177 2341 406 2379 Aventinum
442 2351 565 2391 usque
606 2340 840 2391 perducitur.
910 2341 1037 2391 Atque
1080 2340 1193 2378 etiam
1237 2340 1336 2378 omni
1377 2345 1487 2391 parte
