1566 2496
214 124 662 156 STRATEGEMATICON
687 125 777 156 mn.
809 125 857 157 11.
889 124 988 156 CAP.
1018 125 1207 156 x—xu.
1357 117 1411 156 57

154 229 192 268 6.
250 228 510 268 Alexandrum
548 240 702 280 quoque
734 227 986 268 Macedonem
1022 229 1197 268 traditum
1234 235 1293 268 est
1330 229 1412 268 exi·

0 289 2 291 '
39 285 138 324 miae
161 284 447 336 pulchritudinis
471 285 609 335 virgini
630 285 826 336 captivae,
857 297 940 324 cum
962 285 1139 324 finitimae
1163 286 1290 336 gentis
1311 286 1411 337 prin-

24 341 117 392 reip}
140 340 276 380 fuisset
304 341 559 392 desponsata,
589 353 730 380 summa
757 341 983 380 abstinentia
1012 342 1062 380 ita
1075 342 1341 393 pepercisse,
1373 347 1414 380 ut

39 397 143 436 illam
171 409 219 436 ne
249 396 473 447 adspexerit
498 397 662 448 quidem.
722 396 806 444 Qua
834 409 924 436 mox
953 397 999 436 ad
1026 409 1207 448 sponsum
1236 399 1411 447 remissa,

42 453 243 492 universae
275 454 503 504 gentis‘per
532 453 606 492 hoc
640 452 866 495 beneficium
898 455 1043 493 animos
1074 454 1295 493 conciliavit
1324 454 1410 493 sibi.

153 510 191 548 7.
249 508 462 560 Imperator
491 507 636 548 Caesar
663 509 900 548 Domitianus
929 510 1125 561 Augustus
1164 510 1412 550 Germanicus

41 575 89 603 eo
122 564 252 614 bello,
289 577 366 616 quo
397 566 509 604 victis
550 564 723 604 hostibus
761 577 978 615 cognomen
1012 566 1225 605 Germanici
1260 567 1411 616 meruit,

42 633 127 662 cum
155 622 192 659 in
221 620 357 660 finibus
379 619 574 660 Cattorum
591 622 751 661 castella
781 628 965 673 poneret,
995 634 1066 674 pro
1094 622 1280 662 fructibus
1305 623 1411 662 loco-

40 688 142 725 rum,
174 689 270 727 quae
297 676 402 715 vallo
426 677 799 728 comprehendebat,
829 679 990 728 pretium
1016 679 1115 718 solvi
1139 680 1267 724 iussit;
1298 685 1413 731 atque

43 743 89 770 ea
115 733 277 771 iustitiae
301 732 398 771 fama
428 733 589 771 omnium
617 733 728 772 fidem
757 734 968 773 adstrinxit.

549 843 744 883 CAPUT
783 845 881 885 XII.

43 929 166 968 QUAE
196 928 430 959 FACIENDA
461 930 565 961 SINT
594 931 683 962 PRO
712 931 921 975 CASTRIS,
962 933 1004 963 SI
1028 934 1156 965 SATIS
1191 934 1411 965 FIDUCIAE

216 985 267 1015 IN
294 985 635 1017 PRAESENTIBUS
665 987 812 1018 COPIIS
839 989 936 1020 NON
965 989 1227 1021 HABEAMUS.

157 1067 193 1104 1.
251 1064 295 1104 T.
318 1065 516 1113 Quinctius
542 1067 690 1116 consul,
721 1080 804 1107 cnm
821 1068 957 1108 Volsci
978 1076 1104 1109 castra
1130 1072 1212 1110 eins
1235 1072 1411 1123 adgressi

41 1121 191 1170 forent,
229 1121 427 1161 cohortem
467 1124 723 1163 tantummodo
755 1125 790 1162 in
821 1126 983 1164 statione
1012 1127 1190 1176 detinuit,
1221 1128 1411 1180 reliquum

42 1178 253 1215 exercitum
278 1178 325 1217 ad
349 1179 620 1228 quiescendum
638 1180 795 1225 dimisit;
828 1182 1097 1220 aeneatoribus
1124 1186 1340 1236 praecepit,
1370 1190 1411 1224 ut

41 1232 182 1272 vallum
199 1233 409 1273 insidentes
439 1236 547 1286 equis
570 1236 774 1275 circuirent
798 1238 1136 1289 concinerentque.
1198 1240 1282 1288 Qua
1309 1241 1410 1280 facie

42 1294 82 1327 et
111 1289 347 1328 simulatione
379 1302 463 1329 cum
494 1297 532 1330 et
557 1292 825 1343 propulsasset
854 1300 892 1332 et
929 1293 1156 1334 detinuisset
1191 1309 1263 1348 per
1291 1303 1409 1337 totam

41 1350 194 1383 noctem
223 1345 370 1395 hostes,
401 1347 448 1386 ad
477 1347 573 1386 lucis
604 1354 778 1387 exortum
807 1350 936 1389 sessos
955 1351 1089 1401 vigilia
1115 1359 1279 1403 repente
1305 1353 1407 1393 facta

42 1401 242 1452 eruptione
266 1402 381 1441 facile
410 1404 619 1455 superavit.

153 1455 190 1495 2.
251 1457 298 1505 Q.
331 1459 549 1507 Sertorius,
579 1460 615 1498 in
641 1459 821 1511 Hispania
842 1461 1007 1501 hostium
1037 1465 1219 1515 equitatui
1243 1466 1407 1505 maxime

41 1513 176 1563 impar,
204 1514 268 1564 qui
292 1526 415 1566 usque
447 1515 495 1554 ad
527 1516 631 1566 ipsas
660 1517 886 1556 munitiones
913 1519 1024 1557 nimia
1054 1520 1192 1559 fiducia
1219 1522 1405 1561 succede·

41 1566 120 1617 bat,
149 1574 264 1615 nocte
289 1570 451 1609 scrobes
473 1573 621 1622 aperuit
650 1578 687 1610 et
714 1578 800 1610 ante
821 1575 942 1611 aciem
970 1573 1120 1614 direxit.
1161 1575 1256 1615 Cum
1281 1583 1407 1616 tamen

41 1623 224 1662 turmales
255 1626 463 1664 secundum
488 1627 799 1665 consuetudinem
820 1629 1041 1679 praedatum
1058 1631 1114 1669 ire
1134 1632 1292 1681 vellent,
1317 1645 1406 1684 pro-

42 1679 224 1717 nuntiavit
248 1682 486 1731 comperisse
509 1694 552 1720 se
580 1682 734 1721 insidias
751 1682 797 1722 ab
818 1684 993 1733 hostibus
1010 1686 1231 1738 dispositas,
1260 1689 1406 1728 idcirco

41 1745 90 1771 ne
119 1733 363 1774 discederent
386 1749 406 1775 a
437 1737 555 1787 signis
576 1749 675 1775 neve
698 1738 871 1778 laxarent
892 1752 1040 1791 agmen,
1100 1742 1212 1791 Quod
1233 1757 1332 1795 curn,
1358 1758 1407 1784 ne

45 1788 264 1828 solveretur
290 1792 512 1843 disciplina,
547 1793 729 1842 fecisset,
768 1802 955 1847 exceptus
982 1798 1083 1838 forte
1111 1801 1216 1839 veris
1245 1801 1406 1851 insidiis,

45 1845 133 1896 quia
159 1845 423 1896 praedixerat,
453 1849 676 1887 intentiores
706 1850 845 1890 milites
865 1852 1006 1893 habuit.

157 1900 194 1940 3.
256 1900 402 1941 Chares
433 1903 508 1942 dux
537 1904 846 1958 Atheniensium,
878 1920 963 1947 cum
993 1917 1242 1962 exspectaret
1267 1913 1408 1953 auxilia

46 1962 85 1995 et
114 1963 329 2007 vereretur,
361 1971 408 1997 ne
436 1959 582 1999 interea
613 1967 832 2013 contemptu
860 1967 1077 2015 praesentis
1107 1969 1310 2018 paucitatis
1339 1969 1407 2008 ho-

44 2018 126 2051 stes
157 2018 282 2052 castra
316 2015 398 2052 eius
422 2014 702 2066 obpugnarent,
733 2019 952 2070 complures
973 2023 1086 2062 exiis
1117 2035 1214 2075 quos
1241 2025 1409 2064 habebat

46 2079 117 2119 per
144 2081 318 2108 aversam
344 2076 493 2120 partem
521 2078 637 2111 nocte
658 2074 797 2112 missos
826 2076 948 2126 iussit,
979 2090 1053 2130 qua
1075 2081 1286 2131 praecipue
1318 2091 1407 2119 con-

46 2124 167 2174 spicui
195 2124 324 2164 forent
349 2125 547 2175 hostibus,
577 2128 705 2167 redire
731 2130 768 2168 in
798 2137 923 2171 castra
952 2140 991 2172 et
1010 2135 1274 2174 accedentium
1290 2147 1407 2174 nova-

42 2189 124 2217 rum
138 2180 271 2220 virium
291 2183 462 2233 speciem
482 2182 690 2234 praebere:
720 2190 835 2237 atque
853 2187 904 2226 ita
925 2190 1111 2230 simulatis
1135 2192 1285 2230 auxiliis
1307 2196 1409 2229 tutus

43 2239 102 2272 est
129 2234 199 2285 se,
224 2237 349 2276 donec
377 2239 629 2278 instrueretur
654 2243 904 2293 exspectatis.

154 2291 191 2330 4.
245 2292 460 2344 Iphicrates
476 2293 737 2347 Atheniensis,
761 2310 845 2338 cum
866 2301 1144 2353 campestribus
1165 2301 1264 2340 locis
1281 2307 1407 2342 castra
