1566 2496
109 134 164 174 42
255 123 258 127 ’
548 146 648 179 sEx.
683 126 801 179 mnu
831 122 1056 181 mortuum

224 247 288 288 13.
347 248 557 301 Hannibal,
584 264 669 290 cum
698 253 817 291 sciret
845 265 914 292 sua
946 259 985 293 et
1012 253 1271 293 Romanorum
1301 256 1428 295 castra
1457 255 1495 294 in
1539 263 1548 268 ’

110 305 167 355 eis
197 304 295 343 locis
329 318 440 356 esse,
470 319 568 358 quae
599 308 713 359 lignis
745 309 1046 360 deficiebantur,
1081 310 1131 349 ex
1156 310 1341 358 industria
1371 312 1409 350 in
1432 324 1495 351 re-

107 362 224 411 gione
252 362 406 402 deserta
432 363 617 414 plurimos
648 371 906 404 armentorum
938 379 1082 417 greges
1106 369 1205 406 intra
1231 367 1374 406 vallum
1404 368 1494 407 reli-

110 418 212 468 quit:
250 430 324 470 qua
357 419 465 458 velut
501 421 646 471 praeda
675 421 835 460 Romani
872 424 983 474 potiti
1014 424 1052 462 ivn
1082 424 1237 462 summis
1274 423 1495 474 lignationis

109 475 295 524 angustiis
325 476 581 516 insalubribus
612 490 656 516 se
689 478 785 516 cibis
811 485 1037 518 onerarunt.¹
1088 479 1299 530 Hannibal,
1331 479 1493 520 reducto

109 537 225 570 nocte
258 533 456 583 exercitu,
485 545 649 573 securos
680 546 750 573 eos
785 541 823 574 et
853 531 1067 576 semicruda
1095 548 1238 587 graves
1270 549 1386 576 carne
1415 549 1493 577 ma-

107 589 230 627 iorem
260 589 297 626 in
321 590 474 628 modum
504 592 672 630 vexavit.

226 645 291 684 14.
353 645 410 684 Ti.
449 646 647 686 Gracchus
682 647 719 685 in
754 646 959 699 Hispania,
1000 649 1146 688 certior
1177 649 1302 688 factus
1339 648 1492 689 hostem
1554 677 1556 679 »

108 702 266 753 inopem'
301 704 534 742 commercio
574 703 778 753 laborare,
816 705 1108 745 instructissima
1149 711 1275 744 castra
1316 706 1491 745 omnibus

108 758 319 796 esculentis
350 759 540 805 deseruit;
577 772 675 811 quae
708 760 887 811 adeptum
917 760 1067 800 hostem
1094 767 1134 800 et
1160 763 1328 813 repertis
1357 763 1490 801 intern-

107 821 292 866 peranter
307 815 497 865 repletum
512 828 749 868 gravemque
765 817 926 855 reducto
940 814 1121 870 ’exercitu'
1136 817 1264 857 subito
1280 817 1502 870 obpressit.⁴

218 871 283 911 15.
329 870 433 921 Chii,
454 874 516 923 qui
535 872 722 912 adversus
743 873 981 922 Erythraeos
1001 873 1147 913 bellum
1169 874 1379 925 gerebant,
1400 880 1489 927 spe·

109 927 322 967 culatorem
361 940 495 967 eorum
534 930 571 967 in
607 930 697 968 loco
737 929 840 968 edito
874 930 1158 982 deprehensum
1198 931 1423 970 occiderunt
1453 937 1501 970 et-

109 991 259 1028 vestem
300 986 490 1024 eiussuo
529 986 637 1024 militi
670 986 880 1036 dederunt,
920 988 984 1038 qui
1025 999 1075 1026 ex
1111 987 1251 1026 eodem
1274 988 1366 1038 iugo
1394 987 1492 1038 Ery-

108 1040 266 1080 thraeos
291 1042 403 1092 signo
434 1042 522 1081 dato
553 1043 591 1080 in
612 1043 770 1081 insidias
802 1045 994 1082 evocavit.

219 1097 284 1137 16.
342 1097 516 1148 Arabes,
552 1111 637 1138 cum
670 1105 777 1138 esset
814 1105 905 1139 nota
945 1099 1185 1139 consuetudo
1223 1110 1378 1150 eorum,
1419 1111 1493 1151 qua

108 1155 157 1193 de
190 1155 356 1194 adventu
385 1155 551 1194 hostium
578 1155 741 1195 interdiu
770 1155 897 1206 fumo,
929 1163 1044 1196 noctu
1072 1155 1162 1207 ig‘ne
1191 1156 1411 1206 significare
1437 1157 1492 1195 in·

108 1211 330 1261 stituerant,
359 1218 398 1250 ut
427 1213 509 1250 sine
529 1213 812 1250 intermissione
839 1225 884 1251 ea
910 1213 1071 1261 fierent,
1097 1218 1406 1264 praeceperunt,
1427 1213 1491 1252 ad-

108 1268 352 1306 ventantibus
372 1274 497 1307 autem
526 1268 758 1307 adversariis
784 1269 1136 1307 intermitterentur.
1175 1267 1249 1316 Qui
1275 1281 1381 1319 cum,
1405 1281 1493 1308 ces-

107 1324 277 1363 santibus
300 1324 524 1373 luminibus,
551 1325 813 1363 existimarent
835 1324 1236 1375 ignorari‘adventum
1253 1337 1382 1376 suum,
1413 1326 1493 1365 avi-

108 1381 191 1419 dius
220 1381 389 1431 ingressi
417 1380 675 1431 obpressique
704 1386 803 1418 sunt.
927 1390 933 1396 ‘

215 1436 279 1475 1'7.
340 1436 566 1475 Alexander
604 1435 791 1486 Macedo,
830 1448 914 1474 cum
950 1436 1073 1475 hostis
1113 1438 1152 1476 in
1190 1437 1292 1477 saltu
1327 1437 1492 1476 editiore

109 1499 235 1532 castra
267 1494 564 1541 communisset,
592 1504 723 1531 secum
754 1493 868 1531 ducta
899 1499 1007 1544 parte
1038 1488 1493 1545 copiarum,‘praecepit

108 1549 167 1588 his
194 1561 291 1601 quos
327 1548 595 1600 relinquebat,
638 1555 678 1588 ut
708 1562 758 1588 ex
787 1560 895 1587 more
922 1549 1033 1599 ignes
1065 1550 1279 1588 excitarent
1300 1550 1493 1601 speciem—

110 1618 186 1657 que
212 1605 448 1658 praeberent
469 1606 586 1644 totius
610 1607 828 1644 exercitus:
854 1606 938 1657 ipse
959 1611 1109 1655 autem,
1138 1618 1211 1658 per
1239 1606 1345 1644 avias
1362 1606 1492 1656 regio-

109 1675 180 1701 nes
220 1662 478 1702 circumducta
522 1674 657 1712 manu,
706 1662 858 1701 hostem
901 1663 1104 1714 superiore
1145 1662 1358 1713 adgressus
1401 1662 1492 1701 loco
1546 1655 1547 1658 ¹

109 1719 157 1757 de
190 1719 271 1758 ulit.

163 1731 185 1771 p
219 1775 282 1815 18.
338 1774 517 1814 Memnon
537 1774 734 1825 Rhodius,
768 1787 852 1814 cum
882 1775 1054 1826 equitatu
1082 1775 1330 1827 praevaleret
1361 1780 1400 1813 et
1423 1773 1492 1813 ho·

109 1838 206 1870 stem
243 1833 280 1870 in
318 1831 483 1870 collibus
511 1843 555 1870 se
587 1832 848 1887 continentem
884 1833 921 1870 in
947 1843 1105 1883 campos
1133 1831 1256 1870 vellet
1280 1830 1492 1879 deducere,

109 1888 297 1939 quosdam
331 1900 382 1926 ex
419 1887 601 1926 militibus
642 1889 721 1926 suis
751 1887 823 1927 sub
853 1889 987 1939 specie
1021 1887 1303 1938 transfugarum
1332 1886 1432 1925 misit
1456 1887 1494 1925 in

109 1945 275 1983 hostium
298 1950 444 1993 castra,
475 1945 539 1995 qui
564 1944 807 1983 adfirmarent
834 1946 1047 1983 exercitum
1068 1943 1281 1983 Memnonis
1301 1949 1376 1982 tam
1403 1954 1493 1993 per-

108 2002 257 2039 niciosa
288 2000 478 2038 seditione
507 2000 660 2048 furere,
697 2007 737 2039 ut
768 2000 929 2039 subinde
958 2000 1084 2051 aliqua
1110 2012 1200 2052 pars
1212 2000 1314 2038 eius
1345 1998 1492 2038 dilabe-

110 2055 229 2096 r'etur.
282 2055 379 2095 Huic
418 2056 670 2094 adfirmationi
701 2063 741 2095 ut
771 2057 883 2095 iidem
926 2057 1100 2105 faceret,
1141 2057 1283 2108 passim
1324 2055 1362 2092 in
1400 2054 1491 2093 con-

111 2119 249 2166 spectu
282 2112 448 2151 hostium
477 2113 587 2150 iussit
618 2124 738 2163 parva
776 2113 938 2152 castella
971 2114 1127 2162 muniri,
1166 2111 1273 2150 velut
1309 2111 1347 2148 in
1372 2122 1418 2150 ea
1448 2122 1492 2150 se

110 2170 307 2221 recepturi
335 2174 466 2207 essent
492 2170 556 2220 qui
584 2169 834 2208 dissidebant.
892 2168 974 2208 Hac
999 2169 1252 2220 persuasione
1280 2166 1490 2217 sollicitati,

113 2228 176 2277 qui
214 2228 250 2265 in
288 2225 477 2264 montibus
515 2237 558 2262 se
591 2226 876 2275 continuerant,
917 2226 954 2263 in
983 2225 1096 2276 plana
1123 2222 1409 2263 descenderunt
1437 2228 1489 2272 et,

112 2283 198 2322 dum
231 2281 392 2322 castella
421 2286 588 2328 tentant,
621 2281 667 2318 ab
695 2283 865 2332 equitatu
893 2281 1141 2320 circumventi
1171 2285 1269 2318 sunt.

228 2339 290 2378 19.
345 2337 497 2387 Arybas
526 2349 597 2375 rex
635 2336 915 2386 Molossorum,
957 2337 1062 2376 bello
1101 2336 1244 2387 petitus
1283 2347 1303 2374 a
1338 2334 1494 2384 Bardyli
