1566 2496
139 137 189 177 12
583 147 681 179 SEX.
710 148 825 179 an
855 149 1079 180 Fnon'rmr

136 251 352 302 positurus;
385 262 430 289 ac
452 253 654 303 praecepit
684 253 784 302 suis,
806 265 854 291 ne
877 254 1048 292 sarcinas
1074 253 1273 293 solverent
1305 260 1368 293 aut
1397 265 1514 294 onera

137 307 402 358 deponerent,
442 320 490 346 ne
528 309 613 359 quis
653 308 700 348 ab
740 309 939 348 ordinibus
979 311 1176 361 signisque
1205 310 1445 355 discederem
1477 316 1516 349 et

136 375 213 415 quo
238 364 360 413 magis
390 365 682 415 persuasionem
708 365 873 404 hostium
903 366 1168 416 confirmaret,
1200 378 1322 418 pauca
1339 366 1515 406 taberna·
1564 407 1566 412 ,

137 419 223 459 cula
254 420 291 457 in
322 427 534 472 conspectu
564 422 661 472 erigi
693 423 802 461 iussit
828 423 1018 474 ignesque
1045 422 1128 461 lieri
1159 428 1199 461 et
1225 423 1410 474 quosdam
1432 422 1513 462 val·
1563 430 1566 469 j

137 476 213 515 lum
230 482 402 526 struere,
425 478 610 528 quosdam
629 479 665 516 in
683 478 950 529 lignationem,
973 485 1012 518 ut
1029 480 1361 531 conspicerentur,
1384 480 1514 519 exire:

137 533 241 584 quod
270 531 411 572 Cimbri
441 546 535 572 vere
566 535 629 584 agi
660 536 921 574 existimantes
952 541 990 574 et
1016 535 1090 587 ipsi
1119 536 1255 574 castris
1285 535 1515 587 delegerunt
1559 536 1566 575 ς’-

136 589 284 634 locum3
323 589 567 642 dispersique
605 592 642 628 in
677 593 874 642 proximos
913 603 1029 642 agros
1068 591 1116 631 ad
1157 593 1413 643 comparanda
1453 603 1513 641 ea,

136 657 236 698 quae
263 647 451 685 mansuris
476 648 698 686 necessaria
731 653 837 698 sunt,
883 649 1130 687 occasionem
1159 648 1346 687 dederunt
1376 647 1515 687 Catulo

135 714 213 740 non
251 702 375 741 solum
413 703 553 742 flumen
598 704 818 754 traiciendi,
856 704 926 743 sed
965 705 1077 743 etiam
1115 710 1242 743 castra
1281 715 1415 743 eorum
1458 705 1512 742 in·

134 758 316 798 festandi.

248 815 287 853 4.
323 813 515 865 Croesus,
546 827 630 854 cum
657 815 781 865 Halyn
807 816 907 856 vado
932 817 1095 860 transire
1121 827 1199 854 non
1223 822 1360 868 posset
1386 828 1514 868 neque

136 871 287 910 navium
317 878 379 910 aut
414 872 542 922 pontis
576 872 743 911 faciendi
783 874 932 924 copiam
962 872 1145 922 haberet,
1186 873 1294 912 fossa
1323 872 1515 924 superiori

137 940 158 966 e
190 934 300 979 parte
330 934 419 979 post
444 934 570 967 castra
600 929 784 979 deducta,
807 929 959 968 alveum
986 929 1148 968 fluminis
1172 941 1193 968 a
1221 935 1334 980 tergo
1364 929 1514 968 exerci-

136 990 196 1022 tus
227 985 284 1022 sui
314 984 493 1023 reddidit.

248 1041 285 1079 5.
315 1039 384 1079 Cn.
415 1040 621 1092 Pompeius
640 1041 851 1091 Brundisii,
879 1054 962 1080 cum
984 1042 1179 1081 excedere
1203 1040 1311 1081 Italia
1335 1047 1373 1080 et
1393 1046 1514 1080 trans-

135 1097 239 1135 ferre
269 1097 414 1136 bellum
444 1099 735 1149 proposuisset,
766 1099 928 1137 instante
951 1110 972 1136 a
990 1103 1103 1149 tergo
1131 1096 1300 1136 Caesare
1327 1109 1514 1136 conscen-

135 1165 247 1192 surus
281 1154 467 1203 classem,
500 1154 683 1205 quasdam
714 1154 904 1193 obstruxit
924 1155 1030 1203 vias,
1052 1155 1147 1193 alias
1169 1153 1378 1205 parietibus
1398 1154 1513 1192 inter·
1547 1194 1552 1198 ,

137 1211 279 1261 sepsit,
311 1211 407 1249 alias
436 1210 629 1249 intercidit
648 1211 767 1250 fossis
798 1222 943 1262 easque
974 1210 1131 1248 sudibus
1163 1211 1304 1248 erectis
1335 1209 1513 1261 praeclu-

136 1278 199 1304 sas
227 1267 379 1317 operuit
412 1266 601 1313 cratibus,
631 1266 744 1305 humo
771 1266 952 1316 adgesta;
980 1266 1164 1316 quosdam
1194 1265 1339 1316 aditus,
1371 1266 1436 1316 qui
1466 1265 1527 1304 ad'

134 1328 285 1372 portum
316 1322 515 1371 serebant,
543 1322 714 1360 trabibus
741 1322 973 1360 transmissis
1014 1328 1053 1360 et
1081 1323 1118 1360 in
1148 1322 1308 1369 densum
1341 1321 1515 1361 ordinem

135 1379 315 1427 structis,
347 1378 492 1428 ingenti
529 1378 631 1416 mole
666 1384 820 1416 tutatus.
882 1377 1028 1426 Quibus
1059 1378 1320 1430 perpetratis,
1347 1377 1395 1417 ad
1424 1390 1512 1429 spe-

133 1436 229 1472 ciem
259 1434 488 1473 retinendae
516 1433 620 1472 urbis
642 1446 751 1473 raros
778 1445 849 1486 pro
878 1433 1080 1473 moenibus
1102 1435 1320 1486 sagittarios
1343 1433 1513 1485 reliquit,
1548 1437 1550 1440 ’

135 1497 288 1530 ceteras
338 1491 472 1542 copias
510 1491 592 1528 sine
628 1490 787 1529 tumultu
827 1490 874 1529 ad
908 1502 1027 1529 naves
1062 1491 1237 1530 deduxit:
1274 1490 1515 1541 navigantem

138 1560 222 1586 eum
251 1558 346 1586 mox
373 1547 558 1597 sagittarii
586 1550 741 1599 quoque
774 1559 845 1598 per
879 1548 1014 1586 itinera
1051 1553 1141 1586 nota
1177 1546 1344 1597 digressi
1382 1546 1514 1598 parvis

134 1604 298 1654 navigiis
329 1604 529 1643 consecuti
556 1609 654 1642 sunt.
732 1634 746 1648 .
1460 1639 1461 1645 ,

247 1660 286 1698 6.
318 1659 362 1699 C.
378 1660 527 1699 Duilius
550 1659 684 1698 consul
702 1660 739 1698 in
757 1665 870 1711 portu
892 1654 1133 1710 Segestano,
1158 1670 1271 1710 quem
1287 1664 1436 1697 temere
1458 1658 1512 1696 in-

134 1723 325 1766 traverat,
358 1716 509 1755 obiecta
543 1715 588 1754 ad
616 1717 830 1766 ingressum
867 1722 1003 1755 catena
1032 1715 1210 1763 clausus,
1243 1716 1446 1753 universos
1475 1715 1513 1752 in

136 1774 293 1824 puppim
321 1772 452 1811 retulit
480 1772 620 1810 milites
659 1778 774 1824 atque
813 1773 863 1811 ita
902 1773 1081 1823 resupina
1110 1771 1262 1822 navigia
1285 1781 1423 1821 magna
1451 1782 1512 1809 re-

136 1830 354 1879 migantium
383 1830 420 1867 vi
452 1829 670 1867 concitavit.
725 1828 893 1867 Levatae
917 1839 1057 1880 prorae
1082 1839 1200 1879 super
1230 1833 1403 1866 catenam
1422 1837 1512 1878 pro-

137 1892 358 1923 cesserunt:
393 1897 466 1936 qua
497 1890 606 1935 parte
640 1891 819 1935 superata
848 1885 1080 1935 transgressi
1118 1884 1231 1922 cursu
1257 1883 1396 1922 milites
1421 1893 1510 1934 pro-

136 1954 199 1979 ras
223 1946 474 1992 presserunt,
508 1942 544 1978 in
575 1952 669 1991 quas
699 1953 853 1979 versum
874 1941 1025 1993 pondus
1042 1940 1246 1979 decursum
1272 1948 1390 1991 super
1409 1944 1512 1977 cate-

135 2009 219 2036 nam
250 1997 354 2035 dedit
381 1996 554 2035 navibus.

251 2055 288 2093 7.
314 2052 510 2102 Lysander
539 2051 888 2101 Lacedaemonius,
920 2065 1004 2091 cum
1030 2053 1067 2092 in
1095 2057 1208 2103 portu
1225 2049 1513 2089 Atheniensium

139 2122 223 2149 cum
252 2115 332 2148 tota
366 2109 493 2147 classe
522 2108 788 2158 obsideretur,
831 2109 979 2147 obrutis
1006 2109 1171 2147 hostium
1200 2104 1360 2145 navibus
1385 2105 1432 2144 ab
1464 2117 1511 2145 ea
1565 2123 1566 2126 ¹

137 2173 270 2219 parte,
302 2177 375 2216 qua
401 2164 574 2203 faucibus
614 2166 891 2214 angustissimis
928 2164 1046 2203 influit
1084 2174 1209 2211 mare,
1248 2161 1390 2199 milites
1419 2172 1512 2200 suos

140 2223 237 2262 clam
261 2223 299 2260 in
331 2221 419 2260 litus
450 2220 584 2270 egredi
616 2221 725 2258 iussit
764 2227 802 2258 et
833 2221 1017 2259 subiectis
1041 2220 1136 2258 rotis
1164 2229 1284 2256 naves
1309 2217 1356 2256 ad
1382 2218 1512 2269 proxi-

100 2323 104 2329 ,
139 2291 238 2318 mum
270 2283 422 2330 portum
449 2275 688 2324 Munychiam
715 2277 878 2315 traiecit.

252 2334 291 2375 8.
318 2333 524 2373 Hirtuleius
550 2331 699 2382 legatus
725 2333 907 2382 Sertorii,
936 2343 1019 2371 cum
1043 2330 1080 2369 in
1094 2329 1275 2382 Hispania
1301 2330 1399 2368 inter
1416 2328 1513 2368 duos
