1566 2496
217 145 666 180 smmonmncon
692 146 782 177 ΗΒ.
812 146 843 179 1.
874 144 974 176 CAP.
1005 144 1065 175 1v.
1097 143 1139 176 v.
1342 132 1387 171 11

24 253 236 306 pellantur,
263 252 553 301 transnavigare
580 255 743 301 propter
756 247 1046 288 Atheniensium
1075 247 1264 295 classem,
1293 257 1393 296 quae

23 309 345 362 opportunitatem
361 307 439 346 loci
456 305 718 354 custodiebat,
744 316 820 343 non
838 310 995 356 posset,
1017 304 1174 355 scripsit
1189 301 1391 354 Antipatro

23 365 223 413 Thraciam
245 362 463 411 rebellare,
492 362 695 414 praesidiis
718 373 817 412 quae
842 361 1132 412 ihi-reliquerat
1160 358 1391 400 interfectis:

22 427 63 461 ut
89 426 319 472 sequeretur
348 418 521 458 omnibus
549 418 720 456 omissis:
758 429 857 468 quae
892 416 1083 469 epistolae
1120 421 1160 454 ut
1185 415 1392 465 intercipe·

21 475 229 518 rentur.ab
258 474 584 525 hoste‚'curavit.
651 473 932 522 Athenienses,
966 483 1107 512 arcana
1143 470 1394 510 Macedonum

22 533 233 585 excepisse
255 532 352 580 visi,
391 531 557 570 classem
585 529 837 569 abduxerunt.
897 529 1095 582 Philippus
1127 527 1233 566 nullo
1264 526 1393 579 prohi-

20 589 136 629 bente
168 588 363 639 angustias
400 587 488 626 freti
516 586 707 625 liberavit.

132 643 262 694 Idem,
293 655 377 682 cum
406 641 712 690 Cherronesum,
741 654 838 694 quae
865 641 957 679 iuris
980 640 1268 679 Atheniensium
1298 645 1395 687 erat,

25 711 221 751 occupare
248 698 539 751 prohiberetur,
565 698 781 738 tenentibus
810 698 1008 737 transitum
1037 709 1115 736 non
1126 696 1395 746 Byzantiorum

24 761 190 804 tantum‘,
215 755 286 794 sed
318 754 554 793 Rhodiorum
589 765 743 806 quoque
773 760 813 793 et
844 753 1026 793 Chiorum
1051 753 1235 801 navibus,
1266 752 1394 791 conci-

24 809 133 851 liavit
168 811 312 850 animos
347 821 481 848 eorum
511 810 710 852 reddendo
750 822 889 858 naveS,
932 822 1027 862 quas
1063 815 1243 861 ceperat,
1285 808 1395 860 quasi

26 872 252 919 sequestres
275 865 420 904 futuras
445 865 676 904 ordinandae
704 867 811 917 pacis
835 867 933 904 iuter
959 878 1003 904 se
1029 871 1145 917 atque
1174 865 1393 914 Byzantios,

26 924 91 975 qui
119 933 236 962 causa
271 921 366 960 belli
395 926 526 959 erant:
555 927 753 972 tractaque
782 934 854 972 per
880 934 1055 971 magnum
1084 928 1234 972 tempus
1263 927 1394 972 postu-

27 979 194 1027 latione,
224 989 308 1016 cum
336 977 519 1016 industria
548 976 710 1015 subinde
740 977 883 1028 aliquid
918 978 956 1015 in
984 976 1263 1017 conditionibus
1293 983 1394 1015 rete-

26 1040 159 1084 xeret,
189 1033 355 1072 classem
383 1044 455 1084 per
480 1032 582 1071 idem
604 1038 755 1084 tempus
784 1034 1030 1085 praeparavit
1058 1044 1182 1084 eaque
1211 1033 1249 1070 in
1279 1045 1397 1082 angu-

27 1090 119 1130 stias
145 1089 234 1128 freti
257 1089 444 1140 imparato
474 1088 586 1127 hoste
621 1088 768 1127 subitus
795 1090 929 1128 evasit.

138 1146 203 1185 14.
232 1143 417 1184 Chabrias
442 1144 711 1194 Atheniensis,
748 1158 832 1184 cum
862 1145 969 1184 adire
1007 1151 1159 1197 portum
1186 1144 1399 1183 Samiorum

27 1201 204 1249 obstante
231 1200 359 1240 navali
388 1200 553 1239 hostium
579 1201 775 1252 praesidio
800 1213 876 1240 non
906 1207 1062 1252 posset,
1091 1212 1235 1252 paucas
1267 1213 1289 1239 e
1319 1201 1398 1239 suis

26 1257 187 1298 naw'bus
213 1263 369 1308 praeter
396 1262 548 1308 portum
577 1257 713 1295 missas
741 1258 851 1296 iussit
878 1258 1063 1308 transire,
1088 1256 1307 1305 arbitratus,
1335 1256 1399 1307 qui

25 1315 66 1353 in
101 1314 265 1353 statione
305 1318 433 1362 erant,
473 1318 769 1364 persecuturos:
807 1314 933 1364 iisque
972 1326 1046 1365 per
1080 1313 1157 1353 hoc
1198 1312 1398 1352 consilium

25 1370 220 1419 avocatis,
265 1368 371 1407 nullo
416 1367 594 1408 obstante
639 1375 789 1420 portum
825 1382 909 1409 cum
945 1370 1095 1422 reliqua
1135 1369 1300 1421 adeptus
1339 1374 1399 1407 est

28 1425 170 1465 classe.
382 1446 394 1450 -

564 1534 758 1575 CAPUT
799 1537 847 1575 V.

222 1623 284 1653 DE
314 1622 567 1653 EVADENDO
596 1622 658 1652 Ex
685 1622 818 1653 Locrs
854 1623 1206 1654 mrmcnmms.

144 1702 180 1740 1.
210 1701 258 1750 Q.
285 1705 480 1744 Sertorius
510 1705 548 1743 in
574 1703 775 1754 Hispania,
803 1715 885 1742 cum
912 1716 934 1743 a
960 1710 1073 1755 tergo
1099 1704 1261 1742 instante
1285 1704 1398 1743 hoste

30 1758 168 1796 flumen
197 1759 362 1798 traicere
392 1772 557 1799 necesse
585 1758 769 1809 haberet,
798 1760 940 1798 vallum
969 1761 1006 1798 in
1026 1762 1110 1811 ripa
1140 1761 1221 1799 eius
1250 1761 1289 1799 in
1317 1772 1398 1799 mo-

30 1813 118 1852 dum
148 1824 267 1851 cavae
296 1815 409 1853 lunae
439 1816 547 1854 duxit
576 1820 614 1853 et
643 1821 840 1854 oneratum
868 1816 1036 1855 materiis
1063 1816 1252 1855 incendit:
1283 1823 1398 1868 atque

30 1870 82 1908 ita
118 1868 287 1908 exclusis
314 1870 487 1909 hostibus
517 1871 655 1909 flumen
683 1869 806 1910 libere
833 1877 1099 1922 transgressus
1127 1878 1199 1911 est.

141 1923 180 1962 2.
210 1925 391 1965 Similiter
414 1926 620 1977 Pelopidas
649 1925 853 1965 Thebanus
885 1927 990 1966 bello
1017 1919 1245 1967 Thessalico
1275 1935 1397 1968 trans-

29 1981 119 2020 itum
177 1982 380 2032 quaesivit.
447 1981 620 2032 Namque
662 1983 797 2020 castris
842 1984 1066 2035 ampliorem
1087 1984 1237 2023 -locum
1281 1998 1397 2036 supra

0 2036 149 2088 lripam
178 2037 426 2088 complexus,
464 2038 604 2076 vallum
641 2038 817 2077 cervulis
845 2045 885 2078 et
917 2039 992 2079 alio
1031 2041 1213 2079 materiae
1251 2052 1398 2091 genere

31 2098 290 2132 constructum
325 2093 511 2132 incendit:
546 2093 711 2144 dumque
744 2094 894 2145 ignibus
938 2095 1211 2136 submoventur
1247 2097 1397 2144 hostes,

29 2147 115 2198 ipse
142 2147 295 2187 fluvium
323 2150 534 2199 superavit.

141 2202 179 2243 3.
205 2203 251 2251 Q.
269 2203 438 2243 Lutatius
464 2203 641 2253 Catulus,
673 2217 756 2244 cum
775 2218 797 2245 a
817 2204 979 2246 Cimbris
1000 2207 1135 2259 pulsus
1156 2218 1266 2245 unam
1286 2218 1395 2256 spem

28 2256 163 2296 salutis
191 2259 373 2309 haberet,
406 2261 436 2299 si
469 2260 607 2299 flumen
636 2261 862 2311 liberasset,
892 2265 998 2302 cuius
1027 2265 1151 2314 ripam
1179 2262 1312 2300 hostes
1339 2266 1396 2300 te-

30 2312 191 2364 nebant,
215 2315 254 2354 in
276 2318 451 2367 proximo
467 2323 596 2356 monte
622 2318 756 2369 copias
772 2319 957 2369 ostendit,
989 2326 1176 2370 tamquam
1201 2317 1251 2356 ibi
1268 2323 1395 2356 castra
