1566 2496
138 144 192 184 48
585 154 685 187 SEX.
717 155 834 187 1UL11
862 155 1088 188 FRONTINI

253 259 319 299 38.
384 258 426 298 C.
455 258 613 309 Caesar,
644 263 723 299 suis
755 266 793 300 et
811 260 959 300 Afranii
990 261 1128 300 castris
1148 262 1360 301 contrarias
1389 268 1522 302 tenen·
1560 256 1566 259 ”

139 316 238 355 tibus
265 316 476 369 planicieS,
506 329 591 355 cum
618 318 813 369 utriusque
842 319 961 369 partis
983 316 1191 369 plurimum‘
1205 319 1415 358 interesset
1441 319 1522 359 col-

138 373 196 412 les
226 376 425 425 proximos
456 384 671 425 occupare,
711 374 828 425 idque
867 380 1029 426 propter
1066 385 1246 426 saxorum
1274 373 1523 439 καροῖ-ἰταμαὶ

141 438 247 470 esset
294 430 476 479 difficile,
520 435 711 481 tamquam
748 430 913 469 Ilerdam
951 431 1202 481 repetiturum
1241 437 1348 471 retro
1429 440 1523 478 spen

141 488 353 536 ordinavit,
395 487 562 526 faciente
595 487 723 538 inopia
766 487 879 526 fidem
908 487 1173 531 destinationi:
1212 489 1309 528 intra
1336 439 1521 529 iti-ffli-

138 557 238 583 mum
277 544 416 584 deinde
447 544 609 595 spatium
648 544 792 594 exiguo
822 545 983 582 circuitu
1011 543 1119 582 flexit
1146 550 1311 595 repente
1342 545 1521 596 adsmou-

138 609 199 641 tes
228 600 491 653 occupandos.
553 599 639 648 Quo
662 601 750 639 <visu
780 600 994 652 perturbati
1016 599 1235 650 Afraniani,
1265 601 1372 640 velut
1398 601 1542 652 captis,

139 660 298 707 castris,
338 664 377 696 et
408 657 482 708 ipsi
518 656 642 695 effuso
683 669 798 696 cursu
835 657 996 695 eosdem
1032 662 1183 696 montes
1212 657 1384 709 petiere:
1419 656 1522 709 quod

137 716 303 754 futurum
334 726 418 753 cum
456 713 764 769 praedivinasset
803 710 970 762 caesar,
1009 714 1146 764 partim
1187 707 1360 767 peditfftu
1407 710 1548 765 q‘ueru>

138 771 416 823 praemiserat,
455 771 592 821 partim
624 769 672 808 ab
706 776 820 820 tergo
860 769 1059 808 submissis
1090 769 1521 823 equitibus,linordina-
1564 811 1566 814 ,

138 824 212 867 tos'
232 834 291 866 est
319 828 488 866 adortus.
911 859 913 862 Α
1280 854 1282 856 ,

212 894 229 914 ⁷*
251 880 317 924 392
378 883 568 922 Antonius
597 882 708 934 apud,
719 881 858 920 Forum
885 881 1104 932 Gallorum,
1135 892 1220 922 cum
1246 882 1406 923 Pansam
1430 892 1521 921 con‘-

139 942 261 980 sulem
290 941 499 983 adventare
529 939 808 991 comperisset,
843 939 989 979 insidiis
1012 939 1084 990 per
1111 939 1305 978 silvestria
1332 938 1522 978 Aemiliae

136 1000 223 1037 viae
266 997 487 1049 dispositis,
529 1008 667 1047 agmen
709 996 792 1034 eius
830 996 988 1047 excepit
1016 995 1211 1047 fuditque,
1232 1001 1292 1034 ‘et
1322 997 1447 1048 ipsum
1473 1006 1547 1034 eoo

139 1054 301 1093 vulnere
328 1054 492 1102 adfecit,
527 1064 603 1104 quo
628 1054 723 1091 intra
755 1063 902 1103 paucos
930 1052 1022 1096 dies,
1044 1053 1337 1094 exanimaretur.

250 1112 317 1150 40.
378 1110 471 1149 Iuba
501 1122 595 1158 rex,
628 1110 663 1147 in
696 1108 829 1147 Africa
859 1108 974 1147 bello
997 1108 1122 1157 civili,
1154 1107 1331 1147 Curionis
1360 1109 1522 1147 animum

138 1168 314 1207 simulato
352 1179 538 1218 regressu
573 1165 789 1217 impulit‘in
832 1177 967 1204 vanarn
1000 1165 1257 1220 alacritatem:
1299 1166 1407 1203 cuius
1437 1165 1525 1215 spei

136 1226 303 1263 vanitate
345 1225 533 1274 deceptus
563 1222 702 1271 Curio,
742 1222 830 1263 dum
858 1228 1055 1273 tamquam
1095 1221 1305 1272 fugientem
1336 1220 1523 1260 Saburam

138 1283 288 1332 regium
319 1281 559 1331 praefectum
591 1279 860 1330 persequitur,
889 1277 1043 1316 devenit
1072 1278 1109 1315 in
1138 1283 1316 1329 patentes
1348 1287 1521 1328 campos,
1564 1284 1566 1326 j

140 1339 201 1376 ubi
218 1330 462 1376 Numidarum
481 1337 763 1388 circumventus
786 1334 970 1384 equitatu,
991 1333 1141 1384 perdito
1159 1334 1347 1383 exercitu,
1367 1332 1521 1372 cecidit.
1564 1334 1566 1352 ³

251 1394 319 1432 41.
380 1392 597 1430 Melanthus
641 1391 717 1429 dux
755 1389 1069 1438 Atheniensium,
1105 1402 1190 1429 cum
1223 1396 1460 1442 provocat-us
1500 1396 1523 1428 a·

139 1462 235 1501 rege
278 1450 443 1488 hostium
472 1447 624 1486 Xantho
662 1445 826 1485 Boeotio
864 1446 1136 1485 descendisset
1170 1447 1217 1485 ad
1257 1456 1446 1497 pugnam,
1482 1451 1523 1483 ut
1563 1491 1566 1494 ῃ

139 1508 301 1559 primum
333 1505 541 1544 comminus
583 1504 710 1552 stetit,
746 1501 902 1553 Inique,
945 1503 1088 1554 inquit,
1118 1501 1292 1551 Xanthe,
1322 1508 1361 1540 et
1389 1507 1522 1540 contra

140 1569 293 1616 pactum
331 1562 450 1605 faeis;
485 1560 674 1600 adversus
711 1558 835 1598 solum
873 1559 971 1597 enim
1002 1570 1087 1598 cum
1122 1557 1247 1597 altero
1279 1557 1523 1610 processisti.
1543 1565 1566 1603 ε

142 1620 314 1671 Cumque
347 1618 551 1657 admiratus
581 1616 668 1666 ille,
699 1616 872 1667 quisnam
895 1627 940 1654 se
965 1614 1234 1664 comitaretur,
1265 1614 1522 1666 respexisset,
1558 1611 1566 1643 ῑ

140 1689 317 1715 aversum
348 1687 423 1714 uno
454 1675 530 1713 ictu
558 1673 742 1711 confecit.
1084 1714 1085 1717 Ἴ
1423 1707 1426 1709 ,

251 1732 318 1772 42.
378 1731 594 1783 Iphicrates
624 1729 873 1767 Atheniensis
902 1727 950 1768 ad
1028 1721 1034 1735 “’
1059 1729 1290 1777 ζτοηθειηη,
1330 1737 1415 1765 cum
1449 1725 1522 1764 sci·
1564 1776 1566 1778 q

139 1797 198 1829 ret
234 1788 625 1828 Lacedaemoniorum
662 1786 797 1825 ducem
839 1784 1068 1824 Anaxibium
1104 1785 1316 1829 exercitum
1349 1781 1523 1834 pedestri

139 1848 275 1885 itinere
308 1846 471 1892 ducere,
504 1843 754 1881 firmissimam
792 1854 938 1881 manum
962 1833 1127 1880 militum'
1155 1839 1336 1885 eduxite
1362 1837 1524 1878 navibus

142 1909 179 1941 et
208 1904 243 1940 in
275 1901 421 1939 insidiis
451 1899 689 1942 conlocavit;
722 1911 840 1937 naves
868 1904 994 1936 autem
1020 1898 1183 1936 omnium
1209 1902 1399 1947 tamquam
1429 1905 1522 1932 onn-
1563 1917 1566 1924 ·

141 1965 220 1998 stas
259 1958 378 1996 milite
416 1956 541 2008 palam
578 1957 869 2006 transnavigare
904 1955 1035 1993 iussit:
1075 1955 1125 1992 ita
1162 1964 1326 1991 securos
1363 1956 1403 1990 et
1431 1949 1523 1988 nihil
1564 1947 1566 1951 ’

141 2016 217 2054 tale
250 2018 523 2064 exspectantes
543 2011 885 2051 Lacedaemonios·
902 2023 922 2049 a
947 2017 1060 2061 tergo
1083 2010 1293 2060 adgressus
1322 2008 1359 2046 in
1386 2007 1522 2046 itinere

142 2071 338 2123 obpressit
366 2069 552 2119 fuditque.
926 2063 928 2065 V
1563 2105 1566 2108 ,

256 2127 322 2166 43.
382 2124 555 2172 Liburni,
599 2136 682 2162 cum
717 2123 863 2162 vadosa
902 2123 989 2162 loca
1029 2121 1297 2170 obsedissent,
1333 2116 1522 2169 capitibus
1557 2112 1566 2158 <⁴

143 2191 286 2224 tantum
314 2180 567 2221 eminentibus
597 2180 709 2218 tidem
738 2180 914 2218 fecerunt
944 2179 1045 2217 hosti
1074 2178 1140 2216 alti
1167 2177 1304 2224 maris,
1338 2186 1384 2213 ac
1412 2174 1522 2212 trire-

143 2254 265 2290 mem,
296 2251 393 2291 quae
426 2248 497 2275 eos
526 2235 857 2287 persequebatur,
889 2235 1120 2286 implicatam
1148 2232 1247 2271 vado
1280 2235 1483 2282 ceperunt.

156 2343 158 2346 Υ
255 2298 322 2336 44.
383 2292 607 2332 Alcibiades
648 2292 722 2330 dux
761 2291 1051 2330 Atheniensium
1089 2291 1126 2327 in
1163 2287 1420 2338 Hellesponto
1458 2285 1522 2324 ad·

143 2367 281 2393 versus
302 2351 510 2391 Mindarum
532 2347 921 2388 Lacedaemoniorum
941 2346 1091 2394 ducem,
1116 2355 1199 2383 cum
1225 2342 1390 2396 amplum
1411 2353 1521 2381 exer-
