1566 2496
119 122 145 160 4
568 131 667 163 SEX.
699 132 815 163 1UL11
845 133 1069 164 FRONTINI

120 235 175 273 vit
204 234 446 275 adolescenti
474 235 703 288 Tarquinio,
728 236 817 287 quid
843 243 1022 287 agentem
1046 242 1194 289 patrem
1213 237 1387 277 vidisset.
1431 237 1504 278 Ille

120 290 339 339 intellexit,
369 292 470 332 idem
497 305 586 332 esse
616 293 868 331 eminentibus
898 292 1054 332 Gabinis
1084 293 1313 333 faciendum.

235 348 274 386 5.
316 347 359 386 C.
407 348 575 399 Caesar,
618 349 721 400 quod
761 355 981 400 suspectam
1017 349 1183 389 habebat
1221 349 1503 402 Aegyptiorum

119 403 234 442 fidem
247 433 257 453 ,
272 417 344 456 per
361 407 534 457 speciem
555 406 792 452 securitatis,
816 406 1058 457 inspectione
1075 406 1180 444 urbis
1195 412 1311 458 atque
1326 418 1500 458 operum,

120 472 166 499 ac
196 461 307 499 simul
338 461 603 500 licentioribus
631 462 817 500 conviviis
843 462 1017 512 deditus,
1046 463 1169 501 videri
1199 463 1320 502 voluit
1351 469 1501 514 captum

119 529 211 555 sese
243 519 366 567 gratia
392 518 586 566 locorum,
611 524 651 556 ut
678 519 724 557 ad
747 529 876 556 mores
905 518 1190 558 Alexandrinos
1213 520 1407 570 vitamque
1435 520 1500 558 de-

119 573 276 612 ficeret:
301 580 423 638 ‘atque
445 576 544 613 inter
570 586 655 613 eam
677 574 1017 613 dissimulationem
1050 576 1290 641 praeparatis
1319 575 1501 614 subsidiis

119 631 326 682 occupavit
353 631 586 682 Aegyptum.

233 686 273 725 6.
302 687 504 726 Ventidius
542 687 719 726 Parthico
757 686 863 725 bello
903 686 1089 725 adversus
1122 687 1309 726 Pacorum
1349 700 1498 738 regem,

118 754 196 781 non
225 744 401 793 ignarus,
433 743 675 783 Channaeum
712 743 936 794 quemdam,
975 744 1130 782 natione
1170 743 1409 793 Cyrresten,
1450 756 1500 782 ex

117 799 165 838 iis
194 799 257 850 qui
286 801 384 838 socii
415 800 665 848 videbantur,
708 800 832 838 omnia
873 811 971 850 quae
1009 799 1109 850 apud
1142 801 1251 851 ipsos
1293 799 1501 850 agerentur

117 857 291 894 nuntiare
313 856 484 905 Parthis,
501 856 701 907 perfidiam
730 855 884 894 barbari
905 855 952 894 ad
972 856 1156 894 utilitates
1182 868 1272 895 suas
1294 857 1498 895 convertit.

115 911 212 950 Nam
241 924 340 963 quae
370 914 533 952 maxime
564 913 647 950 lieri
671 911 871 963 cupiebat,
895 923 942 950 ea
970 912 1101 957 vereri
1129 924 1172 951 se
1194 924 1243 951 ne
1261 912 1497 961 acciderent,

118 980 216 1019 quae
243 968 422 1019 timebat,
456 981 502 1008 ea
533 975 573 1007 ut
606 969 806 1007 evenirent
850 974 986 1018 optare
1024 968 1239 1008 simulabat.
1300 969 1500 1007 Sollicitus

115 1025 267 1075 itaque,
298 1038 346 1063 ne
372 1025 499 1064 Parthi
527 1032 613 1064 ante
640 1026 846 1063 transirent
866 1023 1112 1075 Euphraten,
1138 1037 1249 1076 quam
1270 1024 1343 1063 sihi
1362 1037 1498 1076 super-

114 1082 292 1120 venirent
321 1082 498 1132 legiones
529 1093 625 1133 quas
653 1082 691 1119 in
717 1079 965 1133 Cappadocia
992 1087 1096 1120 trans
1123 1080 1287 1119 Taurum
1315 1080 1496 1129 habebat,

117 1137 292 1177 studiose
324 1151 408 1177 cum
439 1139 639 1190 proditore
672 1138 774 1188 egit,
807 1138 861 1175 uti
888 1137 1038 1175 solenni
1058 1136 1219 1188 perfidia
1241 1136 1389 1175 Parthis
1411 1149 1496 1175 sua-

113 1194 245 1243 deret,
276 1206 348 1246 per
368 1194 538 1246 Zeugma
568 1195 778 1233 traicerent
800 1194 1034 1241 exercitum,
1069 1205 1143 1244 qua
1169 1199 1208 1231 et
1231 1192 1498 1231 brevissimum
1552 1194 1566 1238 s

114 1250 188 1289 iter
217 1256 277 1299 est
307 1257 346 1289 et
377 1252 519 1290 omisso
549 1250 664 1289 alveo
690 1248 909 1300 Euphrates
934 1249 1126 1287 decurrit:
1154 1261 1317 1300 namque
1345 1250 1376 1287 si
1406 1249 1497 1287 illac
1559 1259 1566 1273 ²

111 1307 309 1356 venirent,
352 1306 608 1345 adseverabat
645 1317 688 1343 se
729 1305 1017 1355 opportunitate
1057 1304 1403 1344 collium'usurum
1449 1305 1497 1343 ad

113 1362 330 1401 eludendos
360 1363 600 1412 sagittarios3
634 1362 758 1400 omnia
787 1367 910 1399 autem
937 1362 1084 1410 vereri,
1110 1362 1143 1399 si
1173 1373 1217 1400 se
1245 1360 1343 1400 infra
1371 1361 1409 1399 iil
1429 1372 1495 1412 pa-

112 1424 241 1457 tentes
271 1430 428 1469 campos
460 1419 732 1470 proiecissent.
792 1416 940 1455 Inducti
964 1417 1035 1455 hac
1054 1417 1317 1457 adfirmatione
1342 1416 1496 1456 barbari

111 1474 298 1513 inferiore
325 1476 461 1513 itinere
493 1487 565 1526 per
604 1475 802 1513 circuitum
842 1473 1083 1512 adduxerunt
1121 1475 1354 1517 exercitum
1391 1473 1494 1512 dum-

113 1543 188 1582 que
218 1530 387 1571 fusiores
416 1532 521 1583 ripas
554 1537 592 1569 et
623 1530 673 1569 ob
702 1530 778 1568 hoc
807 1530 1060 1580 operosiores
1090 1536 1228 1582 pontes
1257 1530 1414 1580 iungunt
1440 1529 1493 1567 in-

111 1593 399 1638 strumentaque
430 1588 654 1635 moliuntur,
697 1586 947 1638 quadraginta
986 1585 1147 1637 amplius
1187 1586 1269 1625 dies
1295 1585 1493 1636 impende-

110 1650 209 1682 runt.
271 1642 356 1691 Quo
380 1646 504 1695 spatio
526 1643 727 1682 Ventidius
749 1642 794 1681 ad
824 1641 1104 1682 contrahendas
1123 1654 1216 1681 usus
1245 1647 1306 1680 est
1336 1643 1491 1693 copias;

112 1700 248 1751 eisque
281 1701 431 1748 triduo,
472 1707 675 1751 antequam
713 1699 874 1737 Parthus
914 1698 1137 1750 adveniret,
1171 1698 1365 1750 receptis,
1407 1698 1491 1736 acie

112 1757 319 1799 commissa
350 1758 443 1795 vicit
471 1756 658 1795 Pacorum
691 1761 728 1793 et
756 1755 964 1794 interfecit.

225 1814 263 1851 7.
291 1812 552 1861 Mithridates,
581 1812 893 1850 circumvallante
930 1811 1136 1863 Pompeio,
1176 1811 1373 1862 sugamia
1402 1821 1490 1862 pro-

108 1869 247 1907 ximam
275 1869 374 1907 diem
405 1868 591 1916 moliens,
628 1868 738 1906 huius
769 1868 919 1906 consilii
954 1867 1185 1907 obscurandi
1224 1879 1340 1906 causa
1378 1866 1490 1905 latius

110 1931 150 1963 et
179 1935 303 1975 usque
331 1924 377 1962 ad
407 1925 613 1975 adplicitos
643 1924 744 1961 hosti
774 1924 900 1963 vallos
927 1923 1153 1989 pabulatuS,
1177 1923 1371 1974 colloquia
1396 1933 1489 1973 quo-

109 1993 185 2032 que
215 1993 299 2019 cum
329 1980 502 2031 pluribus
535 1980 769 2018 avertendae
803 1981 1034 2031 suspicionis
1074 1992 1189 2019 causa
1227 1980 1263 2018 in
1294 1984 1491 2030 posterum

21 2042 79 2088 ιζ
109 2037 324 2080 constituit:
370 2038 480 2086 ignes
520 2036 634 2074 etiam
678 2036 967 2087 frequentiores
1008 2049 1080 2088 per
1121 2042 1200 2075 tota
1237 2040 1362 2074 castra
1406 2033 1490 2072 fieri

0 2085 230 2132 ⁹¹⁴·iussit.
291 2092 469 2131 Secunda
498 2091 637 2130 deinde
674 2092 806 2141 vigilia
845 2098 1001 2143 praeter
1037 2094 1121 2145 ipsa
1159 2091 1325 2131 hostium
1363 2095 1489 2128 castra

0 2131 82 2196 ἷίἶ
107 2161 245 2200 agmen
275 2149 419 2188 eduxit.

221 2205 259 2244 8.
290 2205 504 2256 Imperator
543 2202 689 2242 Caesar
726 2203 965 2244 Domitianus
997 2204 1193 2254 Augustus
1223 2200 1486 2250 Germanicus,
1553 2241 1559 2248 ,

109 2274 192 2300 cum
225 2261 457 2310 Germanos,
497 2260 560 2311 qui
596 2260 634 2297 in
666 2262 778 2298 armis
819 2267 949 2309 erant,
981 2260 1101 2298 vellet
1138 2257 1382 2308 obprimere,
1414 2270 1487 2296 nec

107 2319 303 2377 ignoraret
333 2318 486 2357 maiore.
499 2315 640 2355 bellum
667 2316 863 2356 molitione
894 2318 1077 2365 inituros,
1108 2314 1141 2353 si
1162 2313 1366 2353 adventum
1395 2315 1487 2354 tanti

49 2364 139 2417 §5‘3-
169 2391 223 2421 :·“.'
238 2392 253 2415 4
269 2396 301 2416 u.

172 2427 180 2439 0
