1566 2496
275 120 724 156 srnumssussmon
750 123 842 154 Lm.
874 122 904 153 1.
934 121 1036 152 cAP.
1067 122 1131 152 xl.
1353 112 1405 152 23

147 228 187 268 9.
245 227 496 267 Archidamus
523 226 871 275 Lacedaemonius,
908 225 1095 265 adversus
1123 225 1299 265 Arcadas
1325 225 1407 264 bel-

38 285 115 324 lum
141 293 284 335 gerens
321 295 425 323 aram
456 284 495 322 in
528 284 665 322 castris
694 283 822 322 statuit
857 288 896 322 et
936 283 1039 321 circa
1077 294 1163 320 eam
1191 282 1288 321 duos
1320 281 1408 321 duci

38 351 162 392 equos
189 345 304 379 noctu
336 339 435 378 clam
464 340 683 391 imperavit:
709 350 868 391 quorum
884 338 1048 388 vestigia
1070 350 1194 387 mane,
1218 343 1409 389 tamquam

37 395 176 436 Castor
205 401 244 435 et
271 395 410 435 Pollux
435 388 772 447 psi-equitassent,
811 388 1043 444 ostendens,
1082 394 1283 433 adfuturos
1321 404 1408 433 eos-

35 451 124 492 dem
151 452 249 504 ipsis
278 450 556 504 proeliantibus
586 452 788 503 persuasit.

15 518 20 527 ‘
153 508 233 547 10(
273 507 445 548 Pericles
475 507 552 546 dux
578 507 887 557 Atheniensium,
918 507 1077 546 initurus
1106 505 1296 558 proelium
1327 518 1410 544 eum

36 563 371 603 animadvertisset
402 564 549 612 lucum,
582 576 631 602 ex
662 575 739 615 quo
766 569 927 615 utraque
956 564 1064 601 acies
1094 563 1268 613 conspici
1300 568 1410 613 pote·

38 615 398 670 rat,'densissimae
421 620 647 672 opacitatis,
678 626 827 658 vastum
852 619 1021 672 alioquin
1051 624 1090 657 et
1116 617 1193 657 Diti
1224 619 1323 669 patri
1351 630 1412 656 sa·

41 687 167 725 crum„
197 677 360 727 ingentis
389 676 469 715 illic
495 681 662 715 staturae
691 675 902 725 hominem,
932 675 1126 715 altissimis
1153 674 1349 713 cothurnis
1375 680 1413 712 et

41 737 154 770 veste
180 743 375 784 purpurea
402 743 449 771 ac
479 743 589 771 coma
617 731 899 781 venerabilem,
938 733 976 770 in
1015 743 1127 770 curru
1165 730 1414 769 candidorum

43 797 231 838 equorum
257 787 455 827 sublimem
484 789 699 837 constituit,
730 789 795 839 qui
826 788 915 826 dato
945 788 1057 838 signo
1087 799 1240 838 pugnae
1273 797 1414 838 prove-

43 843 200 882 heretur
234 848 294 892 et,
342 854 442 881 voce
478 843 666 882 Periclem
699 844 851 882 nomine
886 843 1109 895 adpellans‚
1146 842 1416 882 cohortaretur

45 911 132 938 eum
152 898 398 950 diceretque,
428 898 535 937 Deos
557 898 855 938 Atheniensibus
882 899 1043 938 adesse:
1075 910 1152 950 quo
1179 910 1305 950 paene
1328 904 1416 937 ante

44 955 261 994 coniectum
289 954 357 993 teli
386 954 521 993 hostes
548 960 660 1005 terga
685 960 896 994 verterunt.
1046 989 1067 1007 0

160 1011 224 1049 11.
283 1009 324 1049 L.
354 1010 481 1059 Sulla,
521 1022 597 1062 quo
635 1011 868 1062 paratiorem
896 1010 1055 1050 militem
1091 1010 1139 1049 ad
1176 1011 1419 1062 pugnandum

45 1065 226 1116 haberet,
257 1066 429 1118 praedici
448 1066 531 1105 -sibi
560 1065 680 1106 aDiis
709 1067 832 1106 futura
855 1066 1059 1106 simulavit.
1086 1066 1288 1106 Postremo
1306 1067 1420 1105 etiam

46 1123 86 1161 iu
114 1129 324 1174 conspectu
353 1123 567 1172 exercitus,
595 1123 815 1174 priusquam
844 1124 882 1161 in
911 1124 1034 1161 aciem
1060 1122 1337 1171 descenderet,
1368 1123 1420 1160 si-

45 1190 161 1229 guum
187 1178 363 1217 modicae
392 1179 671 1230 amplitudinis,
698 1179 802 1229 quod
828 1178 992 1230 Delphis
1025 1178 1251 1228 sustulerat,
1286 1178 1422 1217 orabat

48 1234 304 1286 petebatque,
331 1236 558 1285 promissam
584 1235 783 1274 victoriam
811 1240 1029 1274 maturaret.

164 1289 227 1329 12.
288 1288 334 1329 G.
352 1289 493 1330 Marius
519 1302 650 1342 sagam
675 1290 875 1342 quamdam
906 1303 956 1330 ex
986 1291 1098 1340 Syria
1118 1289 1270 1339 habuit,
1297 1302 1319 1329 a
1348 1301 1423 1341 qua

48 1358 93 1385 se
121 1345 400 1386 dimicationum
430 1353 592 1386 eventus
617 1347 866 1398 praediscere
892 1346 1108 1385 simulabat.

142 1402 226 1442 '13.
288 1401 335 1450 Q.
367 1403 586 1452 Sertorius,
617 1415 701 1441 cum
731 1402 896 1442 barbaro
930 1409 969 1441 et
994 1403 1153 1442 rationis
1177 1402 1335 1441 indocili
1358 1402 1424 1439 mi-

51 1458 118 1497 lite
133 1463 320 1506 uteretur,
352 1470 507 1498 cervam
533 1458 729 1498 candidam
757 1460 916 1509 insignis
942 1458 1088 1497 formae
1109 1470 1181 1510 per
1195 1457 1427 1497 Lusitaniam

48 1513 218 1553 ducebat
253 1519 291 1552 et
320 1513 367 1552 ab
398 1526 468 1563 ea,
512 1527 611 1566 quae
642 1515 792 1565 agenda
832 1521 895 1553 aut
923 1514 1076 1553 vitanda
1118 1520 1271 1562 essent,
1313 1525 1425 1565 prae-

42 1580 219 1608 -noscere
248 1580 293 1607 se
322 1570 595 1614 adseverabat;
632 1576 673 1608 ut
702 1570 854 1609 barbari
885 1570 932 1608 ad
962 1571 1087 1609 omnia
1114 1576 1305 1621 tamquam
1332 1570 1426 1608 divi-

54 1625 152 1663 nitus
175 1626 360 1676 imperata
387 1625 601 1665 obedirent.

167 1680 250 1718 Hoc
278 1693 423 1729 genere
453 1687 754 1731 strategematon
781 1692 857 1719 non
883 1693 929 1721 ea
952 1687 1094 1721 tantum
1114 1688 1226 1733 parte
1250 1681 1430 1720 utendum

56 1741 134 1782 est,
163 1747 235 1786 qua
252 1736 449 1786 imperitos
465 1736 762 1775 existimabimus
784 1749 896 1787 esse,
928 1739 1029 1788 apud
1054 1749 1151 1790 quos
1181 1738 1240 1776 his
1268 1743 1429 1786 utemur,

57 1792 127 1830 sed
147 1790 264 1828 multo
294 1791 414 1840 magis
444 1803 504 1840 ea,
535 1804 609 1843 qua
638 1792 728 1831 talia
753 1799 876 1843 erunt,
905 1805 1003 1845 quae
1025 1793 1360 1844 excogitahuutur,
1389 1799 1432 1832 ut

58 1858 79 1885 a
106 1845 189 1884 Diis
218 1852 423 1885 monstrata
448 1847 664 1886 credantur.

175 1902 238 1940 14.
298 1901 520 1941 Alexander
543 1903 706 1942 Macedo
736 1904 1018 1945 sacrificaturus
1046 1907 1242 1957 inscripsit
1265 1905 1431 1944 medica·

55 1963 187 1995 mento
220 1958 406 2008 aruspicis
439 1971 607 2008 manum,
651 1970 762 2009 quam
798 1960 864 1999 ille
895 1963 994 2000 extis
1030 1968 1126 2001 erat·
1148 1961 1430 2013 subpositurus.

58 2012 225 2052 Litterae
262 2013 547 2063 significabant,
590 2015 788 2053 victoriam
818 2016 1041 2057 Alexandro
1079 2018 1182 2056 dari:
1223 2029 1317 2068 quas
1348 2027 1433 2054 cum

59 2070 169 2107 iecur
192 2069 356 2108 calidum
385 2071 578 2121 rapuisset
608 2076 683 2108 eta
709 2083 804 2121 rege
824 2072 931 2111 militi
949 2080 1054 2113 esset
1081 2080 1302 2121 ostensum,
1331 2072 1434 2110 auxit

61 2125 241 2174 animum,
272 2131 461 2176 tamquam
489 2125 574 2164 Deo
605 2126 820 2177 spondente
849 2129 1060 2168 victoriam.

179 2181 240 2218 15.
309 2180 413 2220 Idem
458 2181 551 2220 fecit
595 2181 760 2220 Sudines
799 2194 989 2236 aruspex,
1033 2185 1224 2237 proelium
1262 2181 1434 2220 Eumene

63 2247 147 2273 eum
175 2234 294 2275 Gallis
323 2237 586 2275 commissuro.

179 2291 241 2331 16.
301 2291 583 2344 Epaminondas
612 2293 839 2346 Thebanus,
882 2296 1068 2335 adversus
1105 2294 1443 2334 Lacedaemonios.
