1566 2496
136 144 189 183 54
578 154 678 186 SEX.
710 155 827 185 1UL11
859 154 1085 187 rnomnu

252 258 316 295 11.
377 256 427 296 M.
460 256 598 296 Atilius
637 259 795 308 consul,
834 258 939 298 bello
969 259 1176 298 Samnitico
1212 272 1262 298 ex
1300 260 1386 299 acie
1415 261 1518 300 refu·

134 313 329 364 gientibus
364 314 401 352 in
435 320 561 353 castra
592 314 773 353 militibus
810 317 932 354 aciem
973 327 1128 354 suorum
1165 315 1370 368 obposuit,
1406 318 1518 357 adfir-

134 382 265 419 manS,
295 382 428 408 secum
458 376 495 409 et
519 383 602 409 cum
632 370 744 409 bonis
775 371 923 410 civibus
953 372 1198 411 dimicaturos
1224 384 1316 422 eos,
1338 374 1409 412 nisi
1435 387 1519 413 cum

134 425 311 464 hostibus
338 426 573 466 maluissent.
631 426 688 466 Ea
719 428 867 466 ratione
905 429 1108 467 universos
1141 429 1178 467 in
1206 430 1326 468 aciem
1351 429 1517 469 reduxit.

252 481 316 521 12.
375 482 415 521 L.
449 483 579 533 Sulla,
613 483 838 522 cedentibus
876 485 948 523 iam
979 485 1199 535 legionibus
1230 486 1419 525 exercitui
1449 486 1518 525 Mi-

134 538 338 577 thridatico
377 538 492 578 ductu
533 539 739 589 Archelai,
780 541 914 579 stricto
949 541 1077 591 gladio
1120 542 1156 579 in
1196 543 1354 593 primam
1395 544 1519 581 aciem

134 595 377 645 procucurrit
406 595 685 647 adpellansque
710 597 850 635 milites
879 597 993 635 dixit:
1021 599 1053 635 si
1084 598 1169 649 quis
1191 600 1428 649 quaesisset,
1453 598 1519 637 ubi

133 653 406 702 imperatorem
435 652 705 704 reliquissent,
738 653 1042 704 responderent,
1074 659 1306 705 pugnantem
1331 655 1368 692 in
1391 654 1518 694 Boeo-

134 709 199 746 tia.
263 706 381 746 Cuius
407 709 465 746 rei
497 709 644 760 pudore
675 709 846 748 universi
874 722 959 748 eum
990 711 1113 748 secuti
1141 715 1240 748 sunt.

248 763 310 803 13.
371 763 492 803 Divus
520 764 658 815 lulius,
690 765 736 804 ad
764 764 939 804 Mundam
968 765 1226 805 referentibus
1257 766 1335 804 suis
1363 766 1518 817 pedem,

135 831 274 871 equum
305 832 413 858 suum
451 820 588 860 abduci
627 834 647 860 a
689 828 903 872 conspectu
933 822 1043 860 iussit
1081 828 1119 860 et
1147 823 1185 860 in
1204 823 1365 873 primam
1395 823 1518 861 aciem

132 874 256 926 pedes
294 877 485 927 prosiluit.
545 877 713 927 Milites,
755 878 842 916 dum
881 879 1093 917 destituere
1131 879 1404 930 imperatorem
1433 890 1518 917 eru-

132 930 316 981 bescunt,
348 933 658 984 redintegrarunt
686 934 889 985 proelium.
923 967 926 975 .

249 989 313 1027 14.
374 988 573 1041 Philippus
603 991 772 1039 veritus,
810 1002 859 1028 ne
884 991 1065 1042 impetum
1102 990 1331 1039 Scytharum
1356 991 1415 1029 sui
1443 1001 1519 1029 non

133 1046 389 1094 sustinerent,
422 1045 670 1085 fidelissimos
690 1047 860 1097 equitum
885 1059 907 1085 a
933 1053 1047 1097 tergo
1068 1046 1198 1098 posuit
1224 1047 1517 1098 praecepitque,

132 1113 182 1139 ne
219 1114 332 1153 quem
365 1103 662 1142 commilitonum
700 1115 749 1141 ex
779 1104 863 1142 acie
894 1103 1031 1154 fugere
1060 1108 1299 1154 paterentur:
1331 1115 1518 1154 perseve-

131 1158 276 1196 rantius
308 1157 496 1197 abeuntes
524 1160 771 1198 trucidarent.
835 1159 918 1207 Qua
943 1159 1228 1198 denuntiatione
1251 1171 1335 1197 cum
1364 1159 1517 1198 effecis-

132 1219 214 1262 set,
247 1220 287 1252 nt
317 1215 430 1253 etiam
460 1215 685 1254 timidissimi
712 1215 870 1255 mallent
895 1215 943 1255 ab
970 1214 1145 1254 hostibus
1167 1226 1277 1266 quam
1303 1227 1324 1254 a
1354 1216 1433 1254 suis
1463 1216 1517 1254 in·

130 1270 279 1320 teriici‚
310 1271 512 1310 victoriam
542 1271 759 1323 adquisivit.

674 1359 703 1398 C
715 1359 748 1397 A
760 1360 787 1398 P
799 1360 832 1398 U
843 1360 874 1398 T
905 1360 921 1398 Ι
933 1359 980 1399 Χ.

129 1425 191 1454 DE
211 1423 308 1466 HIS,
330 1424 451 1462 QUAE
472 1423 587 1454 Pos'r
605 1424 844 1456 PROELIUM
861 1424 1053 1455 AGENDA
1072 1425 1203 1456 SUNT.
1243 1425 1284 1455 ει
1304 1424 1389 1456 RES
1409 1425 1517 1456 PRO-

173 1480 316 1510 SPERE
340 1479 571 1523 GESSERIT,
593 1481 655 1510 DE
681 1480 1043 1512 CONSUMMANDIS
1061 1481 1294 1519 RELIQUIIS
1320 1481 1471 1511 BELLI.

245 1551 281 1589 1.
344 1548 386 1588 C.
405 1549 571 1600 Marius,
600 1551 712 1590 victis
738 1550 889 1603 proelio
911 1549 1122 1598 Teutonis,
1152 1549 1336 1601 reliquias
1367 1562 1516 1600 eorum,

131 1607 219 1658 quia
258 1618 336 1645 nox
373 1608 658 1657 intervenerat,
702 1606 1011 1656 circumsedens,
1049 1605 1210 1644 sublatis
1249 1605 1410 1646 subinde
1438 1607 1516 1646 cla-

130 1662 303 1701 moribus
339 1675 411 1714 per
440 1675 588 1714 paucos
627 1675 783 1703 suorum
820 1663 1008 1702 territavit
1043 1664 1332 1713 insomnemque
1366 1663 1517 1702 hostem

131 1720 315 1762 detinuit:
344 1732 392 1758 ex
423 1731 470 1759 eo
496 1719 717 1771 adsecutus,
748 1726 787 1759 ut
812 1725 972 1772 postero
997 1719 1059 1758 die
1087 1719 1340 1770 inrequietum
1365 1719 1518 1759 facilius

131 1774 365 1814 debellaret.

244 1830 282 1869 2.
346 1830 526 1870 Claudius
543 1830 672 1881 Nero,
706 1832 816 1871 victis
839 1831 1003 1881 Poenis,
1033 1842 1131 1882 quos
1147 1829 1388 1869 Hasdrubale
1417 1831 1517 1871 duce

127 1887 165 1925 in
197 1886 343 1926 Italiam
378 1900 428 1926 ex
457 1887 639 1938 Hispania
668 1889 892 1927 traicientes
924 1893 1159 1939 exceperat,
1203 1892 1318 1938 caput
1348 1886 1515 1926 Hasdru-

127 1942 228 1981 balis
256 1943 294 1980 in
327 1950 452 1982 castra
473 1943 695 1982 Hannibalis
726 1945 864 1983 eiecit:
898 1955 974 1996 quo
1005 1944 1146 1983 factum
1177 1949 1261 1992 est,
1293 1948 1332 1980 ut
1358 1949 1396 1982 et
1415 1943 1515 1982 Han-

125 1998 232 2037 nibal
263 1998 366 2038 luctn
398 1999 525 2038 fratris
554 2001 674 2038 occisi
708 2006 746 2039 et
775 2002 971 2040 exercitus
988 1999 1261 2051 desperatione
1287 1998 1517 2040 adventandi

127 2054 312 2106 praesidii
343 2055 631 2105 adfligerentur.

240 2110 279 2151 3.
338 2109 378 2148 L.
407 2110 513 2149 Sulla
545 2111 617 2160 his,
650 2113 712 2162 qui
739 2111 950 2151 Praeneste
976 2110 1264 2158 obsidebantur,
1296 2110 1516 2151 occisorum

127 2168 164 2206 in
197 2166 350 2218 proelio
390 2167 526 2205 ducum
563 2169 690 2218 capita
730 2168 848 2207 hastis
884 2168 1057 2220 praefixa
1089 2164 1279 2215 ostendit,
1318 2171 1433 2218 atque
1460 2168 1516 2207 ita

128 2223 406 2262 obstinatorum
432 2223 689 2274 pervicaciam
714 2223 844 2274 fregit.

241 2282 280 2318 4.
341 2278 532 2318 Arminius
566 2279 642 2317 dux
669 2279 944 2319 Germanorum
970 2280 1096 2330 capita
1129 2288 1283 2325 eorum,
1316 2289 1414 2329 quos
1446 2289 1513 2317 oc·

129 2335 298 2387 ciderat,
331 2335 505 2374 similiter
534 2335 706 2387 praefixa
736 2336 783 2375 ad
807 2336 947 2375 vallum
967 2335 1129 2374 hostium
1162 2332 1359 2374 admoveri
1388 2335 1512 2382 iussit.
