1566 2496
131 142 208 181 122
565 152 664 186 SEX.
695 153 811 184 IULII
843 154 1066 199 FRoN'rIm

127 262 251 294 teras:
290 268 397 306 nam,
438 268 522 295 cum
562 257 793 296 editissimus
830 259 958 297 veniat
992 264 1031 297 et
1066 259 1103 297 in
1139 259 1269 310 primis
1299 258 1509 309 abundans,

127 312 336 351 defectioni
366 313 526 352 aliarum
550 314 751 352 succurrit.
810 313 1004 366 Imperitia
1033 326 1128 354 vero
1151 315 1413 367 aquariorum,
1444 315 1509 354 de·
1563 362 1566 364 ,

126 369 342 407 ducentium
382 371 418 408 in
456 370 602 409 alienos
643 382 727 408 eum
760 382 902 421 specus
933 371 1194 423 frequentius,
1235 384 1346 423 quam
1373 372 1509 423 exple-

126 432 254 464 mento
280 437 378 477 opus
406 432 510 476 erat,
542 427 655 465 etiam
681 426 917 465 sufficientes
941 439 1059 479 aquas
1080 427 1320 479 inquinabat,
1347 429 1509 467 maxime

127 480 347 531 Claudiam,
381 495 501 534 quae,
534 495 605 534 per
629 483 745 521 multa
770 483 871 522 milia
894 496 1075 534 passuum
1095 485 1254 536 proprio
1276 484 1388 523 ducta
1409 485 1507 534 rivo,

126 538 271 577 Romae
311 539 461 578 demum
497 552 580 577 cum
618 539 767 578 Anione
802 541 1013 590 permixta,
1058 542 1096 579 in
1130 541 1207 580 hoc
1242 547 1391 592 tempus
1421 553 1508 592 per·
1538 541 1563 594 ‘-

126 595 242 634 debat
276 597 565 647 proprietatem.
626 595 818 647 Adeoque
855 596 1152 636 obvenientibus
1193 609 1270 636 non
1305 609 1508 636 succurre-

125 651 258 702 batur,
293 659 332 691 ut
362 652 576 703 pleraeque
605 658 902 692 accerserentur
933 665 1006 704 per
1035 652 1323 704 imprudentiam
1351 664 1427 692 non
1456 654 1509 691 uti

125 708 278 759 dignum
317 715 400 747 erat
439 709 695 759 partientium;
741 708 921 747 Marciam
959 715 999 747 ut
1036 709 1180 760 ipsam,
1219 709 1430 761 splendore
1463 721 1509 748 ac

123 764 272 815 frigore
311 766 588 815 gratissimam,
632 765 780 804 balneis
818 777 863 804 ac
892 764 1100 804 fullonibus
1133 771 1171 804 et
1199 766 1325 805 relatu
1355 777 1509 817 quoque

125 821 251 860 foedis
272 823 491 860 ministeriis
513 821 882 873 deprehenderimus
904 822 1150 861 servientem.
1212 821 1323 874 (92.)
1367 821 1509 860 Omnes

125 889 221 928 ergo
253 878 421 916 discerni
449 878 614 929 placuit,
644 884 720 916 tum
746 878 917 928 singulas
946 879 998 917 ita
1029 878 1219 928 ordinari,
1248 884 1289 917 ut
1314 879 1353 917 in
1378 878 1508 930 primis

124 933 269 973 Marcia
306 936 413 985 potui
451 940 530 973 tota
569 935 757 984 serviret,
800 941 839 973 et
874 935 1060 987 deinceps
1091 935 1265 986 reliquae
1299 935 1509 974 secundum

124 1003 231 1028 suam
273 1003 451 1043 quaeque
489 991 710 1041 qualitatem
747 992 845 1042 aptis
879 991 1011 1029 usibus
1048 991 1364 1042 adsignarentur,
1409 991 1509 1029 sicut

125 1047 226 1085 Anio
253 1047 374 1086 Vetus
403 1047 576 1099 pluribus
606 1060 655 1086 ex
682 1049 831 1097 causis,
871 1059 945 1099 quo
977 1047 1137 1086 inferior
1168 1048 1358 1099 excipitur
1386 1048 1508 1085 minus

125 1103 314 1153 salubris,
355 1104 392 1142 in
430 1104 627 1143 hortorum
663 1104 889 1154 rigationem
919 1110 1035 1155 atque
1064 1105 1101 1142 in
1134 1105 1254 1156 ipsius
1289 1103 1396 1142 urbis
1425 1114 1507 1142 sor-

124 1160 272 1199 didiora
302 1160 427 1199 exiret
456 1161 678 1199 ministeria.
747 1161 859 1212 (93.)
918 1160 1003 1199 Nec
1032 1161 1124 1199 satis
1155 1161 1225 1200 fuit
1247 1160 1414 1211 Principi
1439 1170 1507 1198 no-

125 1223 206 1255 stro
237 1223 451 1256 ceterarum
482 1218 699 1256 restituisse
727 1218 877 1268 copiam
899 1223 937 1255 et
959 1218 1139 1267 gratiam:
1170 1216 1330 1255 Anionis
1353 1227 1508 1268 quoque

123 1272 224 1311 Novi
252 1274 343 1312 vitia
375 1273 529 1312 excludi
559 1285 678 1325 posse
710 1273 813 1312 vidit.
876 1273 1028 1311 Omisso
1053 1274 1152 1312 enim
1177 1273 1351 1322 flumine,
1382 1272 1508 1324 repeti

124 1342 174 1368 ex
204 1329 313 1379 lacu,
346 1331 408 1381 qui
440 1336 499 1368 est
527 1342 647 1380 super
671 1329 799 1368 villam
829 1328 1085 1368 Neronianam
1111 1329 1410 1378 Sublacensem,
1444 1327 1509 1366 ubi

123 1386 408 1436 limpidissimus
438 1392 515 1434 est,
548 1386 668 1423 iussit.
730 1384 824 1423 Nam
851 1397 934 1423 cum
965 1386 1109 1424 oriatur
1139 1385 1238 1423 Anio
1270 1397 1383 1435 supra
1414 1384 1507 1422 Tre-

123 1442 210 1480 bam
240 1441 473 1491 Augustam,
509 1454 576 1480 seu
609 1442 696 1492 quia
726 1453 798 1491 per
828 1452 992 1479 saxosos
1022 1447 1172 1487 montes
1197 1441 1387 1488 decurrit,
1415 1452 1506 1491 pau-

123 1500 180 1537 cis
211 1498 314 1536 circa
343 1499 467 1548 ipsum
496 1498 679 1549 oppidum
703 1497 968 1536 obiacentibus
993 1497 1127 1546 cultis,
1158 1509 1228 1535 seu
1248 1496 1336 1548 quia
1358 1496 1507 1535 lacuum

124 1554 342 1603 altitudine,
380 1555 417 1592 in
445 1565 542 1605 quos
574 1554 786 1604 excipitur,
818 1554 923 1592 velut
953 1553 1198 1602 defaecatur,
1238 1552 1508 1591 imminentium
1535 1587 1540 1592 .

123 1622 280 1663 quoque
311 1622 509 1649 nemorum
535 1611 728 1662 opacitate
754 1609 1010 1659 inumbratus,
1042 1609 1311 1660 frigidissimus
1336 1608 1446 1647 simul
1471 1614 1508 1647 et

125 1667 454 1719 splendidissimus
477 1679 523 1705 eo
548 1667 737 1718 pervenit.
794 1666 900 1705 Haec
920 1672 995 1705 tam
1014 1666 1109 1704 felix
1130 1666 1349 1718 proprietas
1368 1677 1506 1717 aquae,

123 1723 298 1762 omnibus
328 1723 481 1762 dotibus
511 1730 720 1774 aequatura
750 1722 954 1771 Marciam,
996 1723 1110 1773 copia
1138 1734 1233 1760 vero
1264 1727 1506 1773 superatura,

121 1782 254 1818 veniet
283 1781 319 1817 in
347 1780 473 1818 locum
503 1780 687 1818 deformis
715 1780 817 1818 illius
847 1791 892 1818 ac
918 1778 1115 1828 turbidae,
1146 1789 1286 1817 novum
1310 1783 1508 1816 auctorem

122 1845 461 1875 IMPERATOREM
490 1844 734 1875 CAESAREM
762 1844 956 1875 NERVAM
986 1843 1229 1874 TRAIANUM
1257 1842 1507 1874 AUGUSTUM

121 1892 418 1943 praescribente
450 1892 572 1931 titulo.

235 1947 301 1986 94.
362 1949 563 2000 Sequitur,
606 1953 645 1986 ut
683 1948 914 1996 indicemus,
952 1947 1054 1999 quod
1082 1947 1140 1985 ius
1170 1945 1368 1986 ducendae
1398 1952 1504 1984 tuen·
1558 1998 1562 2001 ὓ

122 2004 273 2055 daeque
313 2004 362 2042 sit
393 2016 537 2055 aquae:
579 2015 739 2055 quorum
768 2005 929 2043 alterum
955 2005 1001 2043 ad
1032 2003 1272 2042 cohibendos
1298 2003 1395 2040 intra
1425 2011 1503 2039 mo-

123 2061 208 2100 dum
237 2061 427 2111 impetrati
459 2060 636 2098 beneficii
658 2062 852 2111 privatos,
885 2060 1045 2099 alterum
1068 2059 1113 2098 ad
1135 2060 1306 2110 ipsorum
1327 2057 1505 2096 ductuum

122 2118 291 2169 pertinet
321 2116 491 2154 tutelam.
553 2116 594 2154 In
623 2116 759 2167 quibus
789 2117 875 2155 dum
901 2116 1014 2156 altius
1043 2122 1181 2166 repeto
1212 2115 1324 2164 leges
1349 2112 1397 2151 de
1429 2113 1503 2151 sin-

121 2173 221 2225 gulis
249 2172 439 2225 perlatas,
471 2173 658 2223 quaedam
689 2172 789 2223 apud
813 2179 968 2211 veteres
994 2172 1106 2211 aliter
1129 2170 1335 2209 observata
1355 2169 1504 2208 inveni:

124 2229 223 2280 apud
258 2241 356 2281 quos
387 2229 508 2267 omnis
541 2240 638 2279 aqua
670 2229 706 2266 in
737 2241 826 2266 usus
857 2228 1037 2279 publicos
1064 2225 1318 2276 erogabatur,
1353 2230 1391 2263 et
1416 2237 1504 2265 cau-

122 2292 198 2324 tum
234 2287 284 2324 ita
320 2284 408 2324 fuit:
455 2294 516 2324 NE
556 2293 659 2331 QUIS
697 2293 922 2324 vaA'rus
957 2291 1119 2330 AQUAM
1155 2290 1304 2320 ALIAM
1335 2289 1504 2332 DUCAT,

125 2350 255 2389 QUAM
285 2351 407 2389 QUAE
438 2350 500 2383 Ex
531 2348 651 2379 LACU
681 2349 848 2379 HUMUM
878 2348 1090 2379 Accmrr:
1136 2336 1256 2389 (haec
1287 2338 1386 2376 enim
1419 2343 1506 2376 sunt
