1566 2496
159 120 237 159 102
598 129 698 161 SEX.
729 131 846 161 1UL11
874 131 1099 163 mmmm

157 232 219 271 via
249 231 402 282 Latina,
435 231 664 272 diverticulo
694 234 870 272 euntibus
897 233 944 272 ab
982 234 1105 274 Roma
1135 234 1364 275 dextrorsus
1395 236 1537 275 milium

156 293 337 341 passuum
369 288 502 339 duum,
529 289 687 328 alterius
715 302 838 341 aquae
865 293 1045 342 proprias
1070 292 1176 330 vires
1205 292 1367 343 collegit
1395 299 1434 332 et
1463 292 1536 332 Te-

158 345 273 397 pulae
301 346 424 383 rivum
450 347 666 397 intercepit.
728 346 956 399 Adquisitae
991 359 1115 399 aquae
1153 347 1201 387 ab
1239 349 1440 388 inventore
1468 360 1536 388 no-

157 414 245 440 men
274 401 396 441 Iuliae
418 402 544 441 datum
573 408 633 441 est
643 434 655 454 ,
687 404 736 441 ita
765 409 892 442 tamen
918 403 1040 443 divisa
1067 405 1316 454 erogatione,
1347 411 1388 444 ut
1407 417 1537 444 mane-

158 464 218 497 ret
260 458 435 509 Tepulae
476 459 701 510 appellatio.
761 458 908 498 Ductus
945 459 1066 499 Iuliae
1107 461 1227 500 efficit
1262 461 1537 512 longitudinem

157 526 338 566 passuum
372 524 436 553 XV
469 515 610 553 milium
647 524 876 555 CCCCXXVI
915 517 1054 555 semis:
1093 528 1215 568 opere
1253 530 1369 569 supra
1398 524 1538 557 terram

157 583 339 622 passuum
366 580 433 610 VII
456 571 622 610 milium:
654 584 704 610 ex
739 583 787 610 eo
816 573 853 610 in
879 573 1064 623 proximis
1087 572 1192 611 urbis
1219 573 1318 612 locis
1341 586 1362 613 a
1381 574 1453 613 VII
1470 575 1537 613 mi·

157 627 269 666 liario
301 626 586 667 substructione
617 640 796 680 passuum
815 637 1019 673 DXXV1113
1050 629 1201 680 reliquo
1228 640 1350 681 opere
1380 636 1537 669 arcuato

156 695 337 735 passuum
367 693 415 722 VI
443 684 585 722 milium
616 693 874 723 CCCOLXXII.
932 684 1092 724 Praeter
1121 691 1236 736 caput
1265 685 1385 724 Iuliae
1414 692 1536 726 trans-

156 740 238 779 fluit
266 751 386 791 aqua,
418 752 517 791 quae
546 747 709 779 vocatur
735 739 895 783 Crabra.
953 740 1061 780 Hanc
1088 740 1264 793 Agrippa
1296 742 1442 791 omisit,
1467 754 1537 781 seu

157 797 245 847 quia
271 795 577 847 improbaverat,
616 797 698 835 sive
729 798 817 847 quia
841 797 1068 836 Tusculanis
1097 797 1394 849 possessoribus
1421 797 1537 837 relin-

157 852 345 904 quendam
362 852 565 892 credebat:
598 865 645 891 ea
665 864 829 903 namque
851 859 931 903 est,
959 865 1070 905 quam
1098 865 1231 907 omnes
1251 854 1368 893 villae
1393 860 1539 894 tractus

159 910 241 947 eius
271 921 344 960 per
368 910 494 947 vicem
527 910 565 946 in
592 909 674 947 dies
702 909 958 961 modulosque
985 915 1115 948 certos
1146 910 1404 962 dispensatam
1435 911 1537 950 acci-

156 966 275 1017 piunt.
337 965 415 1003 Sed
455 977 533 1004 non
568 965 703 1004 eadem
740 965 1004 1004 moderatione
1040 967 1187 1018 aquarii
1224 967 1347 1005 nostri
1390 972 1537 1018 partem

154 1022 348 1073 potiorem
379 1022 461 1059 eius
492 1033 648 1072 semper
681 1023 719 1060 in
749 1022 1055 1073 supplementum
1084 1022 1204 1061 Iuliae
1227 1021 1537 1066 vindicaverunt;

155 1090 232 1117 nec
260 1084 300 1116 ut
326 1077 459 1116 Iuliam
487 1084 695 1127 augerent,
719 1090 831 1129 quam
857 1078 1082 1118 hauriebant
1101 1078 1331 1129 largiendo,
1356 1090 1537 1130 compen·-

157 1135 208 1174 dii
239 1135 297 1172 sui
332 1134 470 1184 gratia.
531 1133 692 1173 Exclusi
726 1146 821 1185 ergo
852 1133 1034 1174 Crabram
1067 1140 1108 1173 et
1135 1140 1253 1173 totam
1282 1135 1388 1174 iussu
1411 1134 1537 1186 Ιιηρε·

156 1191 296 1230 ratoris
333 1190 483 1228 reddidi
512 1190 758 1234 Tusculanis;
798 1191 862 1242 qui
891 1203 990 1230 nunc
1018 1191 1179 1230 forsitan
1208 1202 1285 1229 non
1314 1191 1398 1230 sine
1423 1191 1537 1230 admi-

155 1248 306 1286 ratione
328 1259 412 1285 eam
432 1253 607 1296 sumunt,
638 1247 782 1297 ignari,
806 1247 865 1285 cui
887 1259 1027 1286 causae
1054 1247 1245 1286 insolitam
1273 1246 1537 1287 abundantiam

157 1303 338 1342 debeant.
398 1302 493 1341 Iulia
514 1309 639 1341 autem
667 1303 860 1341 revocatis
890 1303 1212 1353 derivationibus,
1244 1315 1316 1355 per
1335 1316 1430 1356 quas
1455 1315 1537 1342 sur-

158 1359 392 1411 ripiebatur,
424 1359 577 1397 modum
609 1371 743 1407 suum,
777 1360 949 1409 quamvis
979 1359 1138 1398 notabili
1169 1360 1370 1410 siccitate,
1405 1370 1536 1398 serva-

154 1417 221 1454 vit.
281 1414 431 1453 Eodem
459 1426 557 1453 anno
587 1413 763 1466 Agrippa
788 1414 924 1453 ductus
954 1414 1128 1465 Appiae,
1152 1414 1335 1465 Anionis,
1366 1414 1535 1454 Marciae

155 1483 281 1523 paene
303 1470 478 1522 dilapsos
507 1471 694 1519 restituit,
727 1477 766 1508 et
791 1470 973 1521 singulari
996 1481 1088 1526 cura
1117 1470 1378 1522 compluribus
1396 1470 1535 1510 salien-

156 1527 258 1567 tibus
289 1527 398 1578 aquis
429 1527 603 1565 instruxit
633 1526 781 1565 urbem.

273 1584 337 1623 10.
388 1582 494 1622 Idem
522 1595 607 1621 cum
633 1584 706 1621 iam
735 1584 887 1622 tertium
913 1583 1047 1622 consul
1077 1583 1229 1633 fuisset,
1256 1581 1303 1621 G.
1321 1582 1469 1632 Sentio,
1487 1581 1535 1630 Q.

156 1641 337 1680 Lucretio
369 1639 614 1688 consulibus,
649 1646 740 1690 post
764 1651 900 1678 annum
927 1639 1078 1678 tertium
1107 1639 1319 1688 decimum,
1347 1650 1458 1690 quam
1477 1636 1536 1676 lu-

158 1698 248 1736 liam
278 1696 516 1745 deduxerat,
547 1695 747 1746 Virginem
777 1706 931 1747 quoque
959 1695 998 1733 in
1026 1707 1121 1746 agro
1150 1694 1360 1734 Lucullano
1390 1693 1536 1733 collec-

156 1759 232 1792 tam
263 1752 424 1792 Romam
453 1752 644 1803 perduxit.
704 1752 821 1801 Dies,
854 1762 930 1802 quo
952 1753 1111 1802 primum
1137 1752 1175 1790 in
1201 1750 1298 1790 urbe
1322 1750 1536 1803 responde-

156 1810 225 1857 rit,
267 1809 314 1846 V.
358 1809 447 1847 Idus
487 1807 612 1846 Iunias
658 1808 859 1847 invenitur.
918 1807 1039 1858 Virgo
1074 1807 1272 1859 appellata
1310 1813 1394 1857 est,
1433 1806 1535 1858 quod

157 1865 431 1916 quaerentibus
469 1876 605 1916 aquam
642 1864 822 1903 militibus
859 1863 990 1915 puella
1018 1864 1245 1914 virguncula
1274 1875 1394 1902 venas
1423 1874 1535 1914 quas-

157 1921 243 1959 dam
271 1921 515 1959 monstravit:
551 1932 646 1971 quas
676 1921 822 1968 secuti,
861 1921 925 1970 qui
954 1919 1154 1969 foderant,
1187 1921 1382 1970 ingentem
1410 1929 1535 1970 aquae

156 1975 309 2015 modum
346 1978 587 2015 invenerunt.
648 1976 838 2015 Aedicula
877 1976 973 2014 fonti
1007 1976 1183 2026 adposita
1216 1975 1314 2014 hanc
1349 1974 1534 2024 originem

158 2033 307 2084 pictura
334 2033 514 2071 ostendit.
577 2031 801 2083 Concipitur
830 2043 926 2082 ergo
954 2032 1015 2071 via
1044 2030 1231 2081 Collatia,
1263 2031 1310 2070 ad
1335 2028 1536 2068 miliarium

160 2094 358 2136 octavum,
392 2088 626 2138 palustribus
667 2088 777 2126 locis.
838 2089 996 2138 Signino
1029 2088 1299 2135 circumiecto,
1336 2085 1533 2123 contineu-

158 2145 290 2184 darum
314 2144 585 2193 scaturiginum
608 2157 748 2194 causa,
780 2143 978 2182 adiuvatur
998 2149 1037 2182 et
1066 2140 1326 2194 compluribus
1355 2139 1439 2178 aliis
1468 2140 1533 2181 ad-

159 2198 439 2251 quisitionibus.
500 2198 615 2237 Venit
652 2212 724 2250 per
760 2200 1035 2250 longitudinem
1073 2209 1252 2250 passuum
1283 2205 1365 2234 XIV
1392 2195 1534 2235 milium

160 2265 235 2295 CV:
274 2268 324 2294 ex
353 2266 400 2294 eo
431 2255 513 2293 rivo
544 2254 796 2293 subterraneo
830 2267 1008 2305 passuum
1037 2263 1104 2292 X11
1130 2253 1271 2291 milium
1298 2260 1531 2295 DCCCLXV;

160 2324 276 2363 supra
306 2317 447 2350 terram
478 2322 549 2362 per
578 2322 715 2361 passus
746 2319 921 2350 MCCXL:
954 2323 1004 2349 ex
1038 2321 1086 2348 eo
1117 2308 1402 2348 substructione
1430 2308 1532 2347 rivo·
