1566 2496
276 145 726 181 sranmnnxncox
754 145 845 176 Lm.
877 145 940 176 tv.
968 145 1069 176 CAP.
1100 144 1177 177 v11.
1368 134 1422 175 93

50 264 184 304 agrum
208 253 394 303 hostium,
424 251 561 304 quibus
589 249 750 290 subinde
770 249 939 302 praedae
967 249 1142 298 fuerant,
1172 248 1275 287 ultro
1305 247 1425 300 depo·

48 310 169 361 pulati
192 314 290 348 sunt.

165 365 228 405 14.
285 363 443 403 Cassius
477 364 674 402 onerarias
706 374 844 412 naves,
874 374 951 401 non
983 362 1111 412 magui
1141 360 1189 399 ad
1218 360 1293 399 alia
1319 372 1426 409 usus,

48 433 235 461 accensas
265 426 483 472 opportuno
513 425 630 458 vento
660 419 697 458 in
727 419 893 458 classem
918 418 1083 458 hostium
1101 417 1203 456 misit
1226 422 1267 456 et
1297 417 1426 456 incen-

48 478 114 517 dio
138 489 223 517 eam
252 477 502 527 consumpsit.

164 534 229 573 15.
283 532 334 571 M.
352 531 479 571 Livius
508 531 595 570 fuso
613 530 855 570 Hasdrubale
884 529 1123 569 hortantibus
1155 541 1239 568 eum
1270 528 1427 581 quibus-

49 589 157 639 dam,
187 595 228 628 ut
255 589 408 628 hostem
435 587 485 627 ad
521 588 822 626 internecionem
852 592 1174 638 persequeretur,
1206 585 1427 637 respondit:

48 644 183 696 Aliqui
212 651 251 684 et
279 644 495 695 supersint,
523 644 587 694 qui
615 643 664 682 de
694 643 856 682 victoria
885 649 1018 681 nostra
1045 641 1219 681 hostibus
1244 642 1427 680 nuntient.

164 701 229 740 16.
283 701 416 751 Scipio
444 699 649 738 Africanus
679 699 811 738 dicere
846 699 983 738 solitus
1014 704 1097 747 est,
1127 698 1229 736 hosti
1259 709 1336 737 non
1365 709 1428 736 so-

51 755 128 795 lum
155 755 316 795 dandam
341 767 432 794 esse
455 756 555 793 viam
580 755 773 805 fugiendi,
800 755 871 794 sed
901 756 1014 794 etiam
1042 754 1294 793 muniendam.

165 813 230 851 17.
288 810 438 850 Paches
467 810 716 848 Atheniensis
755 811 989 859 adfirmavit,
1032 810 1248 849 incolumes
1278 811 1427 849 futuros

49 867 206 916 hostes,
243 868 278 905 si
313 866 555 917 deponerent
589 866 750 908 ferrum;
788 867 922 917 eisque
960 866 1160 905 obsecutis
1204 867 1429 915 conditioni,

48 924 276 973 universos,
307 923 372 974 qui
399 922 437 960 in
466 921 612 972 sagulis
639 921 790 961 ferreas
819 922 956 960 fibulas
985 922 1231 972 habuissent,
1262 923 1427 962 interfici

50 980 173 1018 iussit.

167 1034 232 1075 18.
283 1033 521 1082 Hasdrubal,
553 1031 850 1083 subigendorum
869 1032 1113 1072 Numidarum
1135 1045 1251 1072 causa
1277 1033 1428 1083 fingens

49 1091 200 1140 dolum,
229 1091 428 1140 ingressus
457 1089 552 1127 lines
584 1100 717 1127 eorum
735 1090 922 1128 resistere
949 1089 1172 1140 parantibus
1201 1089 1427 1139 adfirmavit,

48 1147 98 1186 ad
123 1146 334 1198 capiendos
361 1158 405 1184 se
430 1146 587 1184 venisse
617 1145 871 1196 elephantos,
902 1145 1039 1196 quibus
1070 1145 1183 1183 ferax
1212 1151 1272 1184 est
1299 1145 1427 1184 Numi-

49 1203 128 1242 dia:
163 1208 204 1241 ut
238 1201 315 1241 hoc
344 1203 631 1253 permitterent,
672 1201 923 1252 poscentibus
953 1203 1201 1240 securitatem
1228 1202 1424 1252 promisit;

51 1264 91 1297 et
119 1270 165 1299 ea
194 1259 447 1310 persuasione
477 1263 663 1296 avocatos
692 1257 850 1296 adortus
881 1257 952 1296 sub
984 1257 1096 1307 leges
1123 1257 1288 1308 redegit.

163 1314 229 1354 19.
285 1314 446 1353 Alcetas
481 1313 831 1362 Lacedaemonius,
870 1319 910 1352 ut
938 1312 1206 1352 Thebanorum
1236 1325 1425 1353 commea-

47 1375 146 1410 tum.
168 1370 320 1410 facilius
362 1382 412 1408 ex
443 1370 637 1420 inopinato
678 1369 979 1420 adgrederetur,
1014 1370 1052 1407 in
1088 1369 1244 1408 occulto
1282 1372 1426 1421 paratis

47 1425 232 1475 navibus,
258 1432 448 1477 tamquam
470 1437 582 1464 unam
610 1426 761 1464 omnino
786 1425 948 1465 haberet
973 1426 1187 1475 triremem,
1217 1426 1366 1465 vicibus
1388 1428 1426 1465 in

50 1493 135 1521 eam
157 1494 240 1521 rem
267 1483 436 1532 remiges
467 1481 700 1520 exercebat:
731 1482 895 1532 quodam
922 1481 1062 1520 deinde
1082 1487 1261 1533 tempore
1292 1494 1426 1522 omnes

48 1549 168 1576 naves
205 1539 244 1576 in
280 1537 486 1576 Thebanos
523 1537 855 1587 transnavigantes
898 1537 1050 1576 immisit
1080 1544 1118 1576 et
1150 1538 1425 1578 commeatibus

44 1589 183 1631 'eorum
211 1594 356 1644 potitus
386 1599 457 1631 est.

163 1647 230 1687 20.
287 1648 532 1686 Ptolemaeus
560 1648 746 1686 adversus
775 1648 1019 1697 Perdiccam,
1059 1651 1232 1688 exercitu
1263 1661 1424 1700 praeva-

49 1703 214 1752 lentem,
245 1703 331 1754 ipse
371 1703 582 1751 invalidus,
620 1715 732 1742 omne
778 1704 968 1754 pecudum
1011 1717 1158 1755 genuS,
1197 1705 1371 1755 religatis
1404 1719 1425 1745 a

49 1764 162 1808 tergo
201 1770 300 1809 quae
332 1757 527 1797 traherent
558 1760 788 1807 sarmentis,
820 1760 1009 1810 agendum
1040 1773 1112 1812 per
1141 1773 1289 1812 paucos
1316 1774 1423 1802 cura-

49 1816 103 1853 vit
134 1816 304 1865 equites:
331 1814 414 1864 ipse
439 1825 695 1865 praegressus
718 1827 803 1853 cum
832 1816 957 1868 copiis
977 1829 1073 1868 quas
1093 1816 1259 1856 habebat
1280 1817 1423 1866 effecit,

49 1876 91 1909 ut
122 1870 272 1921 pulvis,
305 1881 417 1920 quem
442 1881 588 1920 pecora
613 1871 894 1920 excitaverant,
925 1874 1098 1923 speciem
1125 1874 1252 1924 magni
1273 1876 1422 1913 exerci-

49 1932 109 1965 tus
129 1932 326 1968 moveret;
359 1926 464 1964 cuius
488 1928 778 1976 exspectatione
806 1928 977 1966 territum
1005 1929 1099 1967 vicit
1124 1928 1288 1968 hostem.

161 1980 227 2020 21.
287 1980 507 2030 Myronides
546 1981 792 2021 Atheniensis
824 1983 1009 2023 adversus
1047 1983 1276 2034 Thebanos,
1313 1987 1421 2038 equi·

47 2043 126 2076 tatu
162 2036 455 2089 praevalentes,
493 2043 726 2089 pugnaturus
766 2039 803 2077 in
843 2041 987 2091 campis
1016 2052 1109 2080 suos
1138 2042 1315 2090 edocuit,
1345 2054 1422 2080 ma·

48 2093 223 2132 uentibus
255 2105 344 2132 esse
371 2105 480 2145 spem
505 2093 671 2144 aliquam
701 2094 856 2143 salutis,
882 2095 1108 2135 cedentibus
1137 2104 1263 2136 autem
1294 2099 1420 2148 perni-

51 2149 148 2187 ciem
184 2161 391 2188 summam:
439 2161 513 2200 qua
547 2150 697 2188 ratione
737 2150 968 2190 confirmatis
1004 2153 1187 2192 militibus
1220 2153 1419 2191 victoriam

52 2211 280 2244 consecutus
303 2211 376 2244 est.

161 2259 227 2299 22.
282 2260 324 2299 L.
353 2261 548 2310 Pinarius,
577 2262 615 2299 in
635 2261 764 2301 Sicilia
786 2263 979 2314 praesidio
1001 2263 1133 2302 Ennae
1157 2264 1416 2314 praepositus,

51 2313 183 2354 claves
217 2323 409 2367 portarum
452 2329 546 2368 quas
581 2329 702 2369 penes
740 2330 783 2357 se
820 2318 987 2359 habebat
1016 2318 1312 2370 reposcentibus
1340 2330 1416 2357 ma-
