1566 2496
257 144 707 179 STRATEGEMATICON
734 144 826 175 Lm.
849 143 910 176 Ν.
943 142 1043 174 CAP.
1062 142 1227 173 v—vn.
1369 132 1419 172 91

54 252 124 292 luit
151 257 190 291 et
223 249 424 301 gregalem
454 260 556 300 equo
586 248 786 300 imposuit,
820 259 935 286 cursu
965 247 1051 298 ipse
1080 245 1253 298 pedestri
1282 243 1331 284 ad
1360 244 1427 284 de-

54 308 231 347 stinatum
265 307 395 357 iugum
429 305 679 345 contendeus.
740 303 857 343 Cuius
886 303 978 342 facti
1012 302 1194 341 ruborem
1225 313 1310 340 cum
1339 313 1427 352 per-

54 363 135 416 peti
161 362 272 402 miles
296 373 374 402 non
399 367 558 413 posset,
588 359 835 400 irridentibus
856 358 1178 398 commilitonibus
1199 363 1340 409 sponte
1362 357 1428 396 de·

55 418 219 459 scendit.
267 417 566 470 Xenophontem
594 418 660 456 vix
685 416 854 455 universi
873 415 1144 468 perpulerunt,
1174 421 1215 453 ut
1241 425 1428 453 conscen-

55 475 167 515 deret
199 486 339 526 equnm
377 480 418 514 et
454 473 628 514 laborem
664 484 772 512 suum
806 473 844 510 in
884 473 1109 511 necessaria
1145 471 1233 510 duci
1270 481 1429 508 munera

56 536 290 570 reservaret.

167 586 206 626 3.
259 585 506 635 Alexander,
534 597 618 624 cum
644 584 771 624 hieme
803 584 965 623 duceret
993 583 1227 632 exercitum,
1253 580 1431 620 residens

55 641 105 682 ad
128 643 260 694 ignem
286 653 577 692 recognoscere
602 646 896 693 praetereuntes
918 641 1052 691 copias
1082 639 1235 690 coepit;
1267 649 1431 688 cumque

58 700 330 750 conspexisset
366 698 566 749 quemdam
590 709 715 749 prope
746 698 1000 735 exanimatum
1025 696 1195 746 frigore,
1227 694 1432 734 considere

58 753 149 792 loco
178 765 249 792 sno
274 755 384 792 iussit
413 753 583 805 dixitque
613 754 670 791 ei:
697 753 738 792 Si
758 754 796 791 in
826 752 954 791 Persis
972 758 1082 790 natus
1103 763 1238 800 esses,
1264 751 1301 788 in
1322 750 1432 799 regia

60 809 159 849 sella
173 809 371 848 resedisse
385 808 453 848 tibi
477 808 616 860 capital
633 809 756 857 roret,
782 809 819 846 in
833 808 1060 847 Macedonia
1083 813 1173 847 nato
1190 806 1429 846 conceditur.

171 866 211 904 4.
271 864 392 904 Divus
425 864 622 915 Augustus
650 864 934 915 VespasianuS,
974 875 1058 902 cum
1097 863 1300 915 quemdam
1339 861 1431 900 ado-

60 921 274 960 lescentem
298 921 460 960 honeste
481 927 630 970 natum,
661 920 816 958 militiae
834 919 1063 968 inhabilem,
1096 920 1355 969 angustiarum
1377 918 1435 956 rei

60 976 256 1016 familiaris
275 988 391 1016 causa
413 977 589 1015 eductum
608 977 654 1015 ad
682 976 898 1026 longiorem
924 975 1096 1014 ordinem
1114 975 1314 1023 rescisset,
1344 985 1433 1013 con-

61 1033 192 1072 stituto
226 1045 345 1072 censu
371 1033 534 1072 honesta
558 1033 740 1071 missione
766 1031 1044 1071 exauctoravit.

582 1142 612 1183 C
624 1143 659 1183 A
668 1144 696 1183 Ρ
706 1143 741 1183 U
751 1143 781 1182 T
809 1142 845 1182 V
855 1141 912 1182 11.

482 1231 546 1261 DE
574 1231 728 1262 vAmls
763 1230 1004 1262 coxsmns.

178 1313 213 1351 1.
266 1310 310 1350 C.
342 1310 488 1351 Caesar
514 1311 688 1361 dicebat,
718 1311 819 1351 idem
850 1311 922 1349 sibi
953 1323 1042 1350 esse
1064 1309 1266 1349 consilium
1296 1308 1432 1349 adver·

62 1379 129 1422 sus
157 1367 330 1417 hostem,
371 1367 474 1419 quod
510 1368 710 1419 plerisque
738 1367 898 1406 medicis
929 1373 1062 1406 contra
1090 1367 1180 1405 vitia
1210 1377 1434 1418 corporum,

61 1423 162 1462 fame
190 1425 318 1475 potius
347 1436 458 1474 quam
485 1423 590 1463 ferro
622 1423 842 1475 superandi.
981 1450 985 1454 -

175 1479 215 1518 2.
273 1479 461 1518 Domitius
490 1478 660 1519 Corbulo
696 1479 865 1519 dolabris
897 1485 936 1518 et
965 1478 1148 1530 operibus
1179 1478 1330 1517 hostem
1356 1478 1435 1516 vin-

65 1535 226 1573 cendum
255 1547 344 1573 esse
376 1535 540 1573 dicebat.

46 1591 51 1594 '
176 1589 215 1629 3.
274 1589 315 1627 L.
338 1590 491 1628 Paullus
516 1591 787 1641 imperatorem
812 1601 946 1627 senem
968 1589 1139 1627 moribus
1168 1589 1322 1629 dicebat
1346 1601 1436 1628 esse

67 1649 273 1695 oportere,
304 1645 525 1694 significans
554 1645 814 1683 moderatiora
843 1644 1040 1695 sequenda
1070 1645 1244 1683 consilia.

175 1701 217 1738 4.
273 1699 406 1750 Scipio
435 1699 639 1739 Africanus
676 1700 796 1738 fertur
839 1700 1006 1749 dixisse,
1048 1713 1132 1739 cum
1162 1712 1248 1738 eum
1285 1701 1437 1752 quidam

69 1766 199 1805 parum
228 1766 441 1806 pugnacem
470 1755 666 1794 dicerent:
704 1755 981 1807 Imperatorem
1009 1768 1070 1795 me
1098 1762 1222 1795 mater
1249 1767 1326 1795 non
1354 1756 1436 1796 bel-

68 1810 230 1849 latorem
260 1811 424 1861 peperit.

181 1866 220 1904 5.
280 1864 323 1904 C.
354 1865 494 1905 Marius
532 1865 731 1916 Teutono,
770 1868 996 1918 provocanti
1029 1880 1114 1906 eum
1154 1874 1193 1907 et
1228 1868 1437 1919 postulanti

66 1928 107 1961 nt
136 1921 334 1973 prodiret,
364 1921 586 1973 respondit,
617 1923 649 1960 si
680 1923 839 1973 cupidus
863 1924 996 1962 mortis
1016 1929 1144 1974 esset,
1178 1923 1320 1975 laqueo
1352 1937 1437 1962 eum

68 1979 182 2017 vitam
218 1989 337 2028 posse
373 1978 494 2016 finire.
554 1976 647 2016 Cum
681 1978 818 2017 deinde
847 1980 1028 2029 instaret,
1062 1979 1318 2030 gladiatorem
1346 1991 1436 2018 con-

21 2075 25 2083 ,
66 2039 236 2085 temptae
266 2039 435 2072 staturae
459 2040 497 2073 et
521 2044 646 2085 prope
665 2040 826 2073 exactae
849 2036 986 2074 aetatis
1011 2035 1155 2075 obiecit
1181 2037 1217 2074 ei
1248 2036 1434 2085 dixitque,

68 2101 136 2138 se,
167 2090 200 2128 si
231 2101 316 2128 eum
341 2095 584 2140 superasset,
613 2101 698 2128 cum
724 2091 874 2129 victore
900 2102 1210 2141 congressurum.

180 2146 219 2185 6.
278 2144 325 2192 Q.
358 2146 572 2194 Sertorius,
610 2146 714 2195 quod
741 2147 1007 2197 experimento
1043 2147 1229 2187 didicerat
1253 2148 1436 2196 imparem

69 2210 115 2238 se
153 2202 331 2240 universo
360 2200 615 2240 Romanorum
655 2203 862 2249 exercitui,
899 2208 940 2241 ut
973 2203 1159 2242 barbaros
1196 2213 1349 2253 quoque
1381 2203 1433 2240 in·

71 2256 245 2296 consulte
262 2269 424 2308 pugnam
445 2257 707 2308 deposcentes
728 2258 908 2307 doceret,
930 2259 1100 2298 adductis
1126 2260 1163 2297 in
1185 2263 1433 2308 conspectum

71 2310 218 2350 duobus
246 2314 376 2364 equis,
407 2324 539 2352 eorum
561 2313 784 2366 praevalido
814 2314 948 2365 alteri,
978 2315 1090 2354 alteri
1117 2313 1317 2353 admodum
1341 2312 1434 2352 exili
