1566 2496
148 120 228 161 152

192 234 270 257 cera
295 225 353 258 72.
379 223 436 257 86.
475 223 563 258 Anio
594 223 710 257 Novus
745 226 819 258 eius

192 271 408 314 splendorem
435 268 510 312 (89)
531 271 646 314 perdit
663 271 722 305 91.
748 272 820 304 Au-

193 322 293 361 gusta
317 327 391 350 eam
416 317 555 350 adiuvat
581 317 638 352 14.
665 318 721 350 72.
763 317 821 352 dat

192 374 316 405 aquam
341 364 376 395 in
397 363 517 396 Iuliam
535 363 593 398 69.
629 369 759 406 partem
785 364 820 396 in

190 420 290 443 arcus
326 409 537 445 Neronianos
570 409 731 442 transfert
760 409 817 443 20.

190 457 250 489 ubi
280 457 394 489 finitur
424 456 482 490 20.
516 467 537 489 a
565 455 697 490 Nerone
730 456 816 499 Imp.

184 504 227 535 in
255 501 407 536 Caelium
441 508 474 535 et
503 503 708 535 Aventinum
739 513 818 545 per-

188 550 323 583 ducitur
347 549 404 584 76.
423 547 480 583 87.
503 549 624 582 modus
646 549 817 590 quinaria-

185 607 260 629 rum
280 597 336 629 72.
364 596 515 638 erogatio
541 597 597 630 72.
623 595 680 630 86.

141 642 284 677 Claudia
306 643 362 674 via
386 642 442 677 11.

141 689 305 724 Claudius
336 690 423 731 Imp.
455 686 632 720 Claudiam
658 691 691 727 et
710 687 815 719 Anio-

184 746 262 768 nem
292 734 426 767 Novum
457 734 614 777 perducit
647 733 703 767 13.
737 733 816 765 Divi

186 781 320 815 Claudii
337 780 502 824 templum
516 779 572 814 20.
591 780 648 815 76.
667 780 815 822 primum

182 833 436 872 procuratorem
474 837 639 868 aquarum
672 826 817 859 instituit

137 921 183 953 M.
207 921 369 954 Cocceius
386 919 498 952 Nerva
522 927 608 958 cos.‚
634 918 714 950 Divi
731 917 814 950 Ner-

183 978 246 1000 vae
267 977 363 1008 avus,
389 966 531 999 scientia
556 965 640 998 iuris
657 964 813 1006 illustris,

185 1019 318 1046 curator
343 1023 506 1054 aquarum
530 1011 608 1044 102.

139 1060 285 1094 Collatia
309 1060 365 1092 via
389 1060 423 1094 5.
450 1059 506 1092 10.

136 1119 174 1151 L.
227 1117 399 1150 Cominius
443 1115 623 1159 pedarius‚
668 1113 814 1147 curatori

185 1174 347 1206 aquarum
372 1162 506 1195 adiutor
529 1162 629 1194 datus
654 1159 712 1196 99.

136 1211 262 1244 Cossus
287 1210 384 1244 Cossi
408 1210 445 1244 F.
473 1218 542 1242 003.
570 1207 648 1241 102.

138 1269 265 1303 Crabra
289 1277 395 1309 aqua,
422 1270 556 1309 praeter
579 1264 684 1297 Iuliae
709 1267 813 1305 caput

181 1315 402 1348 transfluens:
435 1323 510 1345 eam
540 1312 698 1354 Agrippa
726 1309 811 1343 omi-

183 1362 227 1395 sit
259 1366 291 1393 et
323 1359 524 1392 Tusculanis
556 1357 711 1398 reliquit;
749 1355 811 1387 sed

183 1408 315 1448 aquarii
340 1406 506 1448 potiorem
531 1404 604 1435 eius
626 1408 756 1444 partem
775 1401 810 1432 in

183 1453 290 1486 Iuliae
317 1451 591 1494 supplementum
614 1448 811 1480 vindicave-

182 1504 272 1534 runt.
306 1498 486 1531 Frontinus
512 1500 624 1527 autem
647 1492 810 1526 Tuscula-

181 1548 234 1578 nis
253 1555 328 1578 eam
352 1543 502 1577 reddidit
523 1542 558 1576 9.

135 1593 279 1626 Crassus
304 1591 408 1634 Frugi
431 1599 499 1623 cos,
526 1587 604 1622 102.

136 1653 275 1686 Cui-ator
291 1657 467 1690 aquarum,
492 1646 555 1678 sub
571 1645 727 1688 Augusto
749 1643 808 1675 de-

180 1698 335 1739 signatus
359 1694 417 1727 97.
446 1697 620 1725 curatores
645 1699 808 1732 aquarum

178 1743 352 1787 principes
377 1749 512 1782 semper
542 1743 638 1770 erant
663 1736 810 1769 civitatis

181 1790 247 1821 viri
268 1789 300 1821 1.
328 1787 485 1830 Agrippa
507 1784 601 1817 velut
624 1788 810 1827 perpetuus

181 1841 314 1867 curator
336 1833 395 1869 98.
422 1836 568 1870 curator,
593 1830 635 1862 ab
655 1831 808 1872 Augusto

181 1886 336 1920 creatus,
385 1883 497 1911 certus
537 1881 569 1910 et
608 1876 808 1908 constitutus

179 1928 398 1970 magistratus
423 1935 499 1957 cum
514 1924 586 1956 suis
601 1921 807 1963 insignibus,

181 1970 376 2010 lictoribus,
408 1970 529 2003 scribis
554 1973 618 2001 etc.
643 1968 698 2002 99.
726 1967 807 2000 100.

183 2020 259 2054 101.
288 2019 534 2051 Enumerantur
556 2019 726 2047 curatores
748 2022 808 2045 'us-

182 2077 247 2108 que
284 2064 329 2097 ad
363 2063 513 2096 Frontini
555 2067 690 2103 tempus
727 2059 805 2092 102.

180 2122 266 2155 quae
301 2111 481 2143 observare
516 2108 615 2140 debet
652 2110 806 2143 curator-3

180 2160 273 2202 leges
296 2162 329 2190 et
349 2160 485 2188 senatus
507 2153 659 2186 consulta
673 2152 715 2183 ad
729 2161 807 2183 eum

179 2203 413 2250 instruendum
433 2200 636 2245 pertinentia
652 2197 717 2231 103
730 2207 804 2238 sqq.

133 2261 190 2296 Μ’.
209 2262 329 2296 Curius
342 2260 518 2296 Dentatus,
545 2265 675 2293 censor,
701 2254 806 2286 Anio·

178 2319 254 2341 nem
289 2309 446 2341 Veterem
485 2313 530 2336 ex
558 2301 728 2334 manubiis
762 2300 804 2331 de

177 2354 307 2398 Pyrrho
336 2353 444 2396 captis
475 2348 650 2394 perducit;
683 2346 803 2381 duum-

476 129 627 162 INDEX
654 129 719 161 AD
749 129 842 163 LIB.
872 131 936 162 DE
957 131 1035 172 ΑΩ.
1058 131 1198 166 DUCT.

885 225 954 279 -.vir
988 235 1096 267 aquae
1117 227 1357 270 perducendae
1381 230 1524 266 creatus,

899 278 988 305 lutra
1010 273 1162 314 quintum
1187 273 1278 306 diem
1303 274 1444 306 moritur
1461 272 1494 307 6.

854 316 988 352 Curtius
1013 318 1109 360 fons,
1131 329 1166 353 v.
1191 319 1367 356 eaerulus.

853 501 1047 534 Decemviri
1082 501 1247 534 librorum
1282 501 1525 546 Sibyllinorum

901 547 1190 590 inspiciendorum
1213 550 1247 582 7.

849 593 886 627 P.
909 594 1033 626 Decius
1058 595 1134 627 Mus
1158 605 1226 628 cos.
1253 594 1300 627 5..

848 641 892 677 A.
922 640 1045 673 Didius
1079 640 1216 680 Gallus,
1259 645 1393 674 curator
1418 650 1524 682 aqua—

895 697 971 718 rum
996 687 1094 720 102⁸

849 732 988 776 Digitus
1027 731 1111 774 quid
1139 732 1199 765 sit:
1233 731 1436 773 quadratus,
1469 741 1524 765 ro-

895 778 1023 812 tundus
1050 779 1109 813 24.
1143 778 1242 821 digiti
1266 778 1421 820 quadrati
1449 778 1524 811 dia—

895 830 1003 905 ἔξιθι·
1026 830 1059 858 et
1082 825 1272 868 capacitas3
1293 825 1373 857 item
1389 825 1526 858 rotundi

848 917 1035 952 Domitiani
1054 917 1141 959 Imp.
1167 915 1334 948 iniustitia
1357 916 1392 948 in
1415 916 1523 948 vecti-

894 964 1024 1008 galium
1038 963 1148 996 reditu
1160 962 1427 996 administrando
1443 962 1520 996 118.

848 1009 911 1045 Cn.
936 1010 1106 1043 Domitius
1130 1009 1234 1050 Afer,
1262 1013 1395 1041 curator
1417 1018 1522 1050 aqua-

892 1067 968 1090 rum
993 1056 1074 1090 102.

846 1102 1026 1136 Duumviri
1048 1111 1156 1144 aquae
1174 1100 1410 1144 perducendae
1434 1100 1471 1135 6.

846 1283 1127 1329 Epaphroditiani
1148 1281 1240 1314 horti
1260 1281 1319 1315 68.

844 1332 1027 1373 Exquilina
1051 1335 1151 1373 porta
1174 1328 1230 1361 21.

845 1512 983 1552 Fabius,
1011 1520 1043 1543 v.
1067 1508 1205 1542 Paulus.

845 1558 884 1598 Q.
910 1557 1033 1590 Facius
1058 1564 1177 1588 censor
1199 1552 1257 1588 96.

843 1604 969 1637 Fabius
993 1602 1150 1635 Persicus
1173 1609 1243 1632 cos,
1267 1598 1349 1633 102.

842 1649 1053 1688 Fenestella,
1078 1647 1222 1690 scriptor
1246 1647 1280 1679 7.

842 1697 1000 1732 Fonteius
1018 1695 1184 1738 Agrippa,
1205 1695 1340 1726 curator
1352 1699 1517 1732 aquarum

937 1744 970 1775 2.

843 1743 999 1824 Foffium
1037 1786 1200 1820 memoria
1238 1794 1314 1817 cum
1340 1781 1516 1814 sanctitate

891 1836 1032 1873 colitur3
1058 1833 1288 1866 salubritatem
1313 1828 1424 1872 aegris
1442 1836 1515 1860 cor-

890 1882 1030 1926 poribus
1054 1879 1176 1912 afferre
1199 1876 1380 1913 creduntur
1401 1874 1436 1906 4.

843 1928 1036 1968 Frontinus,
1052 1930 1185 1958 curator
1201 1931 1364 1964 aquarum
1381 1920 1413 1953 1.
1433 1918 1512 1953 102.

889 1976 962 2007 eius
981 1972 1129 2005 studium
1145 1975 1177 2003 et
1192 1979 1286 2002 amor
1309 1976 1408 2000 curae
1419 1972 1512 1999 com=

888 2021 1014 2053 missae
1038 2019 1069 2052 1.
1095 2027 1181 2058 quae
1207 2015 1253 2048 ad
1274 2021 1434 2056 aquarum
1455 2019 1513 2042 cu-

887 2077 961 2099 ram
976 2065 1157 2108 pertinent,
1182 2063 1216 2095 in
1238 2055 1511 2094 commentarium

889 2111 1048 2150 contulit,
1089 2119 1183 2142 more
1216 2108 1285 2140 iam
1317 2113 1378 2148 per
1405 2101 1512 2138 multa

889 2158 1002 2192 officia
1018 2162 1151 2190 servato
1165 2156 1200 2188 2.
1227 2150 1333 2185 libelli
1358 2147 1512 2191 descrip-

886 2205 933 2237 tio
959 2204 993 2240 3.
1026 2203 1153 2237 formas
1179 2200 1338 2232 ductuum
1355 2194 1436 2228 fecit
1455 2194 1511 2227 17.

888 2251 1048 2287 Crabram
1074 2255 1195 2289 aquam
1211 2241 1410 2276 Tusculanis
1434 2239 1511 2273 red-

886 2297 974 2330 didit
993 2295 1026 2328 9.
1054 2294 1162 2336 capita
1181 2290 1339 2323 ductuum
1357 2287 1511 2322 metiens.

886 2351 1050 2385 aquarum
1073 2337 1303 2382 erogationem
1323 2334 1453 2368 invenit
1465 2331 1511 2366 64
