1566 2496
311 130 761 163 STRATEGEMATICON
790 131 881 161 LIB.
912 131 944 161 1.
978 131 1076 162 CAP.
1107 130 1136 161 1.
1392 122 1416 159 5

48 235 160 275 ducis
184 235 515 286 praesensissent,
546 234 827 285 profectionem
855 246 962 273 suam
986 246 1103 273 censu
1127 233 1303 272 obtexuit
1333 234 1419 273 Gal·

47 291 194 330 liarum.
251 289 387 330 Subito
412 289 587 329 hostibus
608 291 804 342 inopinato
830 290 1140 339 bello-adfusus,
1168 296 1328 329 contusa
1353 292 1417 328 im-

46 344 208 386 manium
235 345 383 385 ferocia
410 347 624 397 nationum,
652 347 862 398 provinciis
892 346 1094 386 consuluit.

152 402 199 441 9.
230 401 411 441 Claudius
432 402 561 451 Nero,
593 414 678 441 cum
707 408 870 454 cuperet
897 402 1178 441 Hasdrubalem
1207 403 1419 454 copiasque

47 458 153 507 eius,
177 463 380 510 antequam
407 457 616 498 Hannibali
635 458 744 497 fratri
784 460 1056 509 iungerentur,
1097 458 1223 497 excidi
1255 458 1418 497 ideirco-

10 511 20 518 “
48 526 123 565 que
146 513 345 553 festinaret
374 526 418 552 se
442 514 549 553 Livio
579 515 784 553 Salinatori
821 515 1003 564 collegae
1041 526 1132 563 suo,
1173 516 1234 552 cui
1276 514 1420 552 bellum

46 570 259 609 mandatum
285 570 432 619 fuerat,
470 583 600 622 parum
627 571 749 609 fidens
777 570 921 609 viribus
949 582 1048 622 quae
1079 570 1149 609 sub
1180 571 1265 621 ipso
1297 577 1420 617 erant,

47 626 256 676 adiungere
286 638 413 678 neque
448 632 574 665 tamen
609 627 822 665 discessum
861 639 968 665 sunm
1005 626 1052 666 ab
1090 626 1321 674 Hannibale,
1360 628 1422 665 cui

26 681 249 732 'obpositus
279 687 383 730 erat,
413 683 546 721 sentiri
574 683 715 727 vellet;
747 682 884 722 decem
909 682 1011 721 milia
1040 682 1333 721 fortissimorum
1354 684 1420 720 mi-

48 737 155 776 litum
168 737 314 787 delegit
328 739 607 790 praecepitque
627 739 786 789 legatis,
806 750 903 790 quos
919 739 1183 790 relinquebat,
1200 745 1240 777 ut
1260 739 1421 778 eaedem

50 793 237 831 stationes
248 793 481 844 vigiliaeque
509 801 736 844 agerentur,
760 795 920 835 totidem
935 796 1044 845 ignes
1061 795 1242 833 arderent
1268 795 1420 833 eadem-

52 860 128 900 que
156 848 279 887 facies
306 855 518 902 castrorum
539 856 781 899 servaretur,
812 863 860 889 ne
882 851 971 902 quid
989 850 1176 889 Hannibal
1202 852 1420 902 suspicatus

50 904 212 943 auderet
238 903 423 943 adversus
447 906 678 956 paucitatem
703 906 940 944 relictorum.
999 905 1094 945 Cum
1117 907 1254 946 deinde
1279 908 1315 945 in
1334 907 1421 945 Um-

51 960 134 999 bria
161 959 363 998 occultatis
391 960 588 998 itineribus
619 961 798 1011 collegae
829 974 872 1000 se
902 963 1114 1011 iunxisset,
1144 964 1265 1001 vetuit
1295 969 1421 1001 castra

52 1015 246 1067 ampliari,
267 1027 316 1054 ne
337 1016 439 1067 quod
460 1017 608 1066 signum
629 1017 813 1055 adventus
834 1019 893 1056 sui
912 1017 1043 1056 Poeno
1074 1018 1204 1067 daret,
1231 1019 1420 1057 detracta-

51 1078 137 1111 turo
165 1083 351 1123 pugnam,
381 1073 413 1110 si
444 1072 641 1111 consulum
668 1074 814 1111 iunctas
841 1074 947 1112 vires
974 1074 1243 1112 intellexisset.
1291 1074 1424 1124 ,Igitur

52 1129 209 1166 inscium
235 1127 437 1178 duplicatis
469 1128 678 1178 adgressus
700 1130 822 1180 copiis
846 1130 1042 1181 superavit
1062 1135 1101 1168 et
1124 1130 1301 1168 velocius
1323 1131 1423 1168 omni

51 1184 180 1222 nuntio
209 1183 323 1222 rediit
349 1184 395 1222 ad
418 1184 678 1223 Hannibalem.
738 1184 792 1224 Ita
821 1198 871 1224 ex
900 1185 1047 1227 duobus
1072 1186 1327 1224 callidissimis
1357 1186 1422 1224 du-

53 1239 160 1278 cibus
186 1239 402 1278 Poenorum
432 1240 569 1279 eodem
594 1240 757 1280 consilio
787 1241 947 1280 alterum
973 1242 1136 1292 celavit,
1165 1242 1328 1281 alterum
1356 1241 1422 1280 ob·

79 1296 205 1334 ressit.

50 1307 76 1348 P
168 1351 233 1390 10.
267 1350 548 1390 Themistocles
582 1352 789 1391 exhortans
826 1364 919 1391 suos
956 1353 1003 1392 ad
1043 1354 1284 1392 suscitandos
1316 1354 1422 1392 festi-

52 1409 186 1446 nanter
213 1418 362 1455 murOS,
393 1419 491 1458 quos
527 1410 631 1447 iussu
666 1408 1058 1447 Lacedaemoniorum
1094 1409 1337 1458 deiecerant,
1369 1410 1423 1448 le-

51 1464 151 1513 gatis
173 1461 461 1501 Lacedaemone
489 1465 636 1513 missis,
667 1466 730 1516 qui
753 1465 1067 1516 interpellarent,
1093 1466 1311 1517 respondit,
1332 1479 1423 1504 ven-

53 1525 177 1557 turum
205 1530 249 1556 se
279 1518 327 1556 ad
357 1518 571 1558 diluendam
599 1520 697 1559 hanc
723 1521 1059 1559 existimationem:
1090 1528 1128 1559 et
1157 1524 1334 1573 pervenit
1354 1522 1423 1561 La-

45 1574 340 1612 ·eedaemonem.
398 1575 454 1613 lbi
485 1576 660 1614 simulato
697 1576 833 1614 morbo
866 1577 1099 1627 aliquantum
1135 1579 1320 1629 temporis
1359 1590 1424 1615 ex·

54 1630 186 1671 traxit:
216 1635 254 1668 et
274 1636 475 1680 postquam
496 1631 688 1670 intellexit
708 1637 927 1682 suspectam
949 1644 1037 1670 esse
1064 1634 1425 1683 tergiversationem

56 1695 183 1733 suam,
208 1685 402 1723 contendit
429 1686 567 1724 falsum
594 1687 641 1725 ad
668 1698 738 1725 eos
763 1699 975 1737 rumorem,
1006 1695 1043 1727 et
1063 1691 1238 1739 rogavit,
1274 1695 1314 1727 ut
1343 1690 1424 1727 mit-

54 1744 182 1783 terent
209 1740 356 1790 aliquos
385 1753 435 1778 ex
461 1742 718 1793 principibuS,
751 1743 888 1794 quibus
913 1744 1117 1783 crederent
1144 1745 1192 1783 de
1219 1747 1426 1783 munitione

56 1793 302 1833 Athenarum.
360 1796 447 1834 Suis
472 1797 611 1836 deinde
643 1798 739 1836 clam
764 1799 941 1850 scripsit,
972 1806 1011 1838 ut
1042 1813 1110 1839 eos
1141 1802 1204 1851 qui
1229 1802 1426 1839 venissent

48 1850 285 1898 retinerent,
311 1850 435 1889 donec
450 1852 608 1891 refectis
632 1853 812 1904 operibus
832 1856 1081 1894 confiteretur
1096 1856 1426 1904 LacedaemoniiS,

57 1906 218 1944 munitas
249 1918 338 1944 esse
368 1906 562 1956 Athenas,
598 1919 724 1960 neque
761 1910 872 1949 aliter
909 1913 1106 1963 principes
1136 1924 1267 1951 eorum
1297 1914 1425 1952 redire

57 1972 200 2011 posse,
232 1973 340 2012 quam
369 1963 454 2013 ipse
483 1965 665 2002 remissus
693 1965 806 2004 foret.
866 1967 979 2015 Quod
1007 1967 1122 2006 facile
1152 1970 1427 2019 praestiterunt

57 2015 371 2066 Lacedaemonii,
400 2030 448 2056 ne
477 2020 586 2057 unius
615 2021 804 2060 interitum
823 2023 1026 2062 multorum
1049 2031 1173 2062 morte
1203 2030 1424 2076 pensarent.

172 2073 235 2111 11.
263 2072 303 2111 L.
323 2072 481 2122 Furius,
511 2076 683 2114 exercitu
708 2078 896 2127 producto
928 2080 965 2117 in
992 2080 1118 2118 locum
1139 2082 1317 2132 iniquum,
1343 2091 1426 2117 cnm

59 2129 318 2167 constituisset
347 2129 542 2168 occultare
581 2131 874 2172 sollicitudinem
901 2147 1028 2184 suam,
1066 2148 1114 2174 ne
1145 2137 1283 2186 reliqui
1309 2135 1425 2185 trepi—

59 2184 213 2233 darent,
228 2184 423 2235 paullatim
438 2198 481 2224 se
499 2185 720 2236 inflectens,
734 2194 923 2241 tamquam
939 2192 1100 2230 circuitu
1114 2193 1258 2229 maiore
1277 2190 1426 2228 hostem

59 2239 335 2289 adgressurus,
369 2252 559 2280 converso
600 2244 771 2294 agmine,
810 2246 982 2296 ignarum
1020 2248 1076 2286 rei
1114 2259 1211 2297 quae
1241 2245 1427 2295 agebatur

61 2296 269 2335 exercitum
295 2297 522 2337 incolumem
549 2299 712 2338 reduxit.
