1566 2496
20 149 472 182 smrmmncon
488 149 579 182 mn.
594 149 660 180 111.
671 149 772 180 eff.
789 149 1070 180 XVIII—Lm.
1083 148 1143 179 Iv.
1156 147 1256 179 cu».
1268 148 1298 178 1.
1338 137 1392 178 79

95 252 164 292 Vl.
219 252 283 293 De
310 252 463 292 adfectu
491 259 530 292 et
557 253 838 294 moderatione.

75 306 162 350 vn.
220 308 283 350 De
305 310 424 349 variis
453 309 638 349 consiliis.

572 419 767 461 CAPUT
803 419 833 459 Ι.

511 509 574 540 DE
619 507 896 539 DISCIPLINA.

133 590 168 628 1.
223 588 267 628 P.
292 589 425 640 Scipio
454 589 503 628 ad
530 588 766 628 Numantiam
797 595 1019 641 corruptum
1053 591 1294 642 superiorum
1324 590 1390 630 du-

20 657 104 684 cum
151 645 331 684 socordia
367 646 578 684 exercitum
624 645 814 694 correxit,
854 645 1010 684 dimisso
1050 648 1194 697 ingenti
1232 647 1393 685 lixarum

19 712 202 750 numero,
229 701 397 740 redactis
426 702 474 740 ad
495 714 628 740 munus
649 701 866 752 quotidiana
889 703 1168 741 exercitatione
1198 702 1392 752 militibus,

21 756 181 808 quibus,
222 768 307 794 cum
346 756 529 807 frequens
562 758 777 807 iniungeret
812 759 903 806 iter,
948 765 1106 809 portare
1142 759 1393 810 complurium

21 813 168 851 dierum
199 811 341 851 cibaria
370 812 602 863 imperabat,
631 814 680 851 ita
710 819 751 851 ut
778 813 923 863 frigora
950 821 989 853 et
1013 814 1155 853 imbres
1178 816 1270 866 pati,
1296 815 1394 862 yada

21 867 212 906 fluminum
255 867 418 919 pedibus
456 869 621 907 traicere
667 868 921 907 adsuesceret
957 870 1092 918 miles,
1132 871 1392 922 exprobrante

21 922 182 962 subinde
223 924 454 975 imperatore
487 924 723 963 timiditatem
753 930 791 963 et
819 925 1029 974 ignaviam,
1065 926 1268 976 frangente
1298 927 1392 966 deli·

22 979 177 1019 catioris
214 991 307 1019 usus
346 991 393 1018 ac
428 991 560 1030 parum
595 980 818 1019 necessaria
854 981 1091 1031 expeditioni
1126 994 1249 1020 vasa:
1289 983 1392 1034 quod

20 1036 182 1074 maxime
222 1035 443 1074 notabiliter
479 1036 619 1074 accidit
658 1035 703 1074 C.
735 1035 912 1074 Memmio
941 1037 1114 1085 tribuno,
1154 1039 1215 1076 cui
1246 1038 1392 1077 dixisse

21 1090 180 1130 traditur
207 1092 360 1142 Scipio:
392 1091 482 1130 Mihi
518 1091 731 1143 paullisper
764 1099 803 1130 et
842 1092 1103 1143 reipublicae,
1141 1093 1208 1132 tibi
1239 1106 1394 1146 semper

20 1158 185 1198 nequam
214 1147 304 1185 eris.

135 1202 175 1241 2.
230 1202 277 1250 Q.
307 1201 487 1241 Metellus
515 1202 621 1242 bello
651 1203 870 1254 Iugurthino
902 1205 1076 1244 similiter
1111 1206 1257 1257 lapsam
1298 1206 1392 1244 mili·
1449 1243 1453 1245 .

23 1264 100 1296 tum
130 1258 369 1309 disciplinam
396 1260 479 1309 pari
501 1260 709 1298 severitate
740 1260 926 1310 restituit,
958 1273 1044 1300 cum
1074 1263 1233 1313 insuper
1262 1262 1392 1313 prohi-

23 1313 170 1353 buisset
198 1314 272 1354 alia
297 1326 411 1353 carne
441 1326 550 1365 quam
578 1327 665 1354 assa
691 1316 844 1354 elixave
874 1317 1014 1356 milites
1042 1319 1108 1356 uti.

134 1370 173 1410 3.
230 1370 396 1419 Pyrrhus
433 1370 623 1410 delectori
658 1383 728 1410 suo
766 1372 889 1411 fertur
922 1373 1092 1412 dixisse:
1132 1374 1188 1413 'ru
1226 1375 1394 1425 grandes

23 1426 151 1476 elige,
182 1437 257 1476 ego
282 1437 378 1464 vero
410 1427 533 1465 fortes
559 1427 728 1467 reddam.

132 1482 172 1523 4.
230 1481 271 1520 L.
308 1481 440 1521 Paullo
482 1488 520 1520 et
551 1481 595 1524 C.
624 1483 800 1523 Varrone
839 1484 1063 1523 consulibus
1095 1486 1235 1525 milites
1268 1488 1391 1538 primo

24 1538 267 1577 iureiurando
291 1538 383 1576 facti
412 1541 518 1582 sunt3
548 1545 659 1578 antea
688 1541 786 1578 enim
816 1547 1056 1579 sacramento
1086 1543 1344 1581 tantummodo
1370 1556 1391 1582 a

22 1589 181 1631 tribunis
220 1593 474 1643 rogabantur.-
514 1601 684 1633 ceterum
721 1596 796 1646 ipsi
827 1597 926 1634 inter
961 1608 1005 1634 se
1045 1598 1316 1647 coniurabant,
1348 1611 1392 1637 se

22 1648 139 1698 fugae
174 1655 288 1700 atque
326 1649 537 1688 formidinis
572 1662 688 1688 causa
718 1662 795 1688 non
823 1651 993 1690 abituros
1020 1665 1147 1703 neque
1178 1666 1229 1692 ex
1258 1655 1392 1693 ordine

24 1714 274 1752 recessuros,
309 1705 381 1742 nisi
411 1705 478 1742 teli
507 1706 663 1755 petendi
692 1705 906 1746 feriendive
935 1707 1056 1747 hostis
1094 1714 1158 1747 aut
1184 1710 1281 1748 civis
1310 1722 1391 1749 ser-

26 1757 137 1796 vandi
168 1770 295 1797 causa.

136 1813 175 1852 5.
234 1815 365 1865 Scipio
402 1813 627 1865 Africanus,
664 1828 748 1855 cum
790 1824 961 1858 ornatum
994 1827 1143 1859 scutum
1175 1822 1390 1873 elegantius

27 1868 219 1908 cuiusdam
249 1870 428 1919 vidisset,
457 1870 573 1920 dixit,
603 1883 679 1910 non
702 1873 830 1912 mirari
857 1887 922 1925 se,
954 1876 1057 1927 quod
1082 1883 1185 1917 tanta
1208 1890 1300 1919 cura
1329 1891 1390 1919 or-

25 1930 175 1974 nasset,
202 1926 241 1964 in
271 1937 346 1977 quo
376 1925 463 1977 plus
489 1927 691 1978 praesidii,
722 1941 833 1980 quam
857 1931 894 1969 in
924 1932 1055 1982 gladio
1086 1933 1261 1974 haberet.

136 1980 174 2020 6.
227 1981 448 2033 Philippus,
477 1994 561 2021 cum
590 1984 748 2034 primum
774 1988 985 2026 exercitum
1020 1991 1292 2042 constitueret,
1325 2005 1391 2031 ve·

26 2035 238 2076 hiculorum
275 2049 383 2076 usum
422 2038 595 2081 omnibus
629 2040 843 2092 interdixit,
883 2044 1073 2095 equitibus
1110 2058 1188 2085 non
1229 2049 1392 2099 amplius

25 2103 137 2142 quam
173 2093 344 2142 singulos
369 2093 527 2132 calones
557 2094 700 2134 habere
728 2099 922 2149 permisit,
948 2100 1141 2151 peditibus
1171 2109 1298 2142 autem
1325 2104 1391 2142 de-

27 2147 86 2186 nis
116 2148 311 2199 singulos,
341 2150 404 2200 qui
432 2150 554 2188 molas
583 2156 622 2189 et
650 2151 761 2190 funes
787 2153 947 2194 ferrent.
1003 2155 1047 2194 In
1076 2159 1224 2198 aestiva
1249 2171 1391 2197 exeun-

27 2201 130 2241 tibus
156 2205 309 2254 triginta
338 2205 483 2244 dierum
513 2205 670 2245 farinam
694 2208 799 2248 collo
825 2217 983 2262 portare
1010 2213 1222 2264 imperavit.

140 2258 178 2297 7.
228 2259 271 2298 C.
298 2260 439 2300 Marius
461 2261 754 2302 recidendorum
775 2265 1127 2317 impedimentorum
1147 2269 1284 2319 gratia.¹
1311 2271 1392 2321 qui-

27 2311 103 2352 bus
123 2315 283 2354 maxime
305 2318 497 2356 exercitus
519 2329 655 2368 agmen
678 2327 878 2373 oneratur,
902 2335 995 2362 vasa
1016 2330 1054 2363 et
1071 2324 1213 2364 cibaria
1235 2325 1391 2365 militum
