1566 2496
160 126 212 167 88
596 138 697 170 SEX.
733 140 850 171 1UL11
880 140 1106 173 mosum

159 251 297 290 equum
330 240 365 278 in
398 240 532 280 orbem
562 241 688 287 flexit3
716 243 855 283 deinde
883 256 967 284 cum
991 246 1115 285 omnia
1136 258 1226 286 esse
1255 247 1395 287 infesta
1424 249 1540 289 vidis-

159 302 241 344 set,
274 303 455 348 precatus
485 298 581 338 deos
602 300 638 338 in
658 300 806 339 medios
836 300 971 341 hostes
999 303 1154 355 irrupit;
1183 303 1321 355 quibus
1345 305 1540 356 inopinata

158 352 317 391 audacia
346 354 560 405 perculsis,
590 355 726 395 ducem
752 368 907 408 quoque
930 369 1063 397 eorum
1090 360 1292 399 trucidavit
1315 366 1444 413 atque,
1474 362 1540 401 ubi

155 421 249 460 spes
278 410 411 449 salutis
441 412 505 450 vix
537 413 806 463 superfuerat,
848 414 935 453 inde
968 416 1094 467 opima
1125 416 1256 455 retulit
1284 417 1423 468 spolia.

269 467 307 505 ὁ.
366 466 407 505 L.
439 467 612 518 Paullus,
653 470 794 509 amisso
833 470 880 509 ad
912 469 1061 511 Cannas
1097 473 1292 522 exercitu,
1334 474 1538 514 obterente

157 534 295 574 equum
324 523 485 562 Lentulo
523 536 598 576 quo
629 525 806 576 fugeret,
836 539 1047 579 superesse
1079 528 1179 568 cladi
1208 541 1434 582 quamquam
1462 542 1538 570 non

154 590 227 630 per
264 580 387 631 ipsum
420 586 641 620 contractae
671 582 818 632 noluit,
846 583 918 623 sed
947 585 985 623 in
1014 596 1063 624 eo
1093 596 1211 635 saxo,
1243 586 1304 624 cui
1333 599 1377 626 se
1404 587 1537 627 vulne-

154 641 258 674 ratus
296 636 579 688 adclinaverat,
617 639 811 690 persedit,
852 639 978 680 donec
1021 640 1069 680 ab
1103 641 1280 681 hostibus
1323 642 1537 695 obpressus

155 692 444 732 confoderetur.
1503 732 1506 738 .

268 749 306 789 6.
360 749 484 789 Varro
517 751 672 802 collega
697 752 780 791 eius
810 751 875 791 vel
904 753 1050 792 maiore
1073 754 1285 794 constantia
1314 760 1404 806 post
1434 767 1535 794 eam-

154 806 241 844 dem
272 805 423 845 cladem
450 808 567 857 vixit,
606 809 833 860 gratiaeque
865 809 900 847 ei
932 809 979 848 ab
1012 815 1145 848 senatu
1175 816 1214 849 et
1245 811 1392 863 populo
1424 818 1536 852 actae

153 868 259 911 sunt,
293 863 395 913 quod
425 875 501 902 non
531 863 784 915 desperasset
812 865 1102 918 rempublicam.
1161 865 1248 905 Non
1278 873 1403 906 autem
1433 869 1536 908 vitae

152 919 362 969 cupiditate
390 920 462 959 sed
487 920 731 972 reipublicae
758 933 888 960 amore
909 934 952 961 se
979 921 1219 974 superfuisse
1249 923 1400 975 reliquo
1431 931 1534 964 aeta-

149 976 200 1013 tis
233 987 325 1014 suae
345 981 521 1027 tempore
542 976 791 1028 adprobavit:
818 990 904 1017 nam
930 984 968 1018 et
987 978 1144 1018 barbam
1167 979 1424 1031 capillumque
1445 980 1534 1032 sub-

149 1031 251 1069 misit
292 1037 330 1070 et
369 1038 517 1084 postea,
540 1045 742 1084 numquam
779 1034 971 1074 recubans
1007 1035 1133 1074 cibum
1165 1037 1288 1087 cepit;
1322 1035 1536 1076 honoribus

152 1099 329 1139 quoque,
372 1100 456 1127 cum
494 1089 530 1128 ei
565 1089 810 1129 deferrentur
847 1103 868 1129 a
910 1091 1079 1143 populo,
1120 1092 1350 1132 renuntiavit
1385 1092 1534 1143 dicens,

149 1143 392 1183 felicioribus
420 1146 706 1196 magistratibus
733 1146 973 1198 reipublicae
1003 1159 1101 1199 opus
1133 1159 1237 1187 esse.

266 1203 303 1240 7.
361 1202 612 1254 Sempronius
643 1202 852 1242 Tuditanus
893 1210 931 1243 et
958 1202 1026 1246 Gn.
1057 1203 1239 1243 Octavius
1269 1203 1408 1243 tribuni
1437 1205 1533 1245 mili-

150 1264 250 1307 tnm,
285 1257 461 1297 omnibus
490 1259 585 1297 fusis
617 1259 663 1297 ad
695 1257 846 1298 Cannas
872 1272 956 1298 cum
987 1259 1261 1304 inminoribus
1292 1262 1429 1300 castris
1460 1263 1532 1300 cir-

152 1314 493 1364 cumsederentur,
524 1321 724 1354 suaserunt
752 1315 1094 1364 commilitonibus,
1126 1316 1359 1367 stringerent
1379 1317 1533 1368 gladios

151 1377 190 1408 et
223 1382 296 1421 per
328 1370 492 1409 hostium
529 1371 722 1422 praesidia
761 1378 1007 1423 erumperent
1045 1383 1198 1422 secum,
1240 1373 1278 1412 id
1316 1372 1390 1412 sibi
1420 1374 1532 1412 animi

150 1438 263 1476 csse,
295 1426 443 1464 etiamsi
470 1427 609 1465 nemini
629 1427 677 1465 ad
703 1428 975 1479 erumpendum
996 1427 1154 1467 audacia
1181 1435 1311 1478 esset,
1332 1429 1531 1469 adfirman-

149 1488 223 1521 tes.
280 1482 340 1520 De
381 1482 644 1522 cunctantibus
684 1483 888 1522 duodecim
917 1485 1068 1522 omnino
1099 1484 1314 1536 equitibus,
1346 1486 1531 1537 quinqua·

149 1539 253 1589 ginta
285 1538 501 1589 peditibus,
546 1540 609 1590 qui
639 1539 812 1578 comitari
845 1542 1123 1591 sustinuerant,
1161 1541 1353 1593 repertiS,
1383 1542 1531 1581 incolu-

147 1607 232 1634 mes
260 1593 464 1634 Canusium
493 1601 766 1647 pervenerunt.

263 1651 300 1691 8.
361 1651 406 1693 T.
438 1651 621 1691 Fonteius
652 1652 803 1702 legatus
832 1653 870 1691 in
893 1651 1099 1704 Hispania,
1125 1665 1210 1692 cum
1237 1652 1360 1693 tribus
1379 1652 1532 1692 milibus

148 1708 339 1746 hominum
379 1708 601 1759 praedatum
639 1708 840 1759 profectus
876 1709 1046 1760 locoque
1081 1709 1210 1761 iniquo
1249 1710 1532 1749 circumventus

147 1764 195 1802 ab
224 1764 487 1814 Hasdrubale,
524 1765 570 1804 ad
596 1766 740 1816 primos
767 1771 908 1804 tantum
929 1766 1085 1804 ordines
1111 1766 1237 1805 relato
1259 1765 1446 1815 consilio,
1475 1766 1530 1804 in·

149 1821 316 1870 cipiente
350 1827 489 1870 nocte,
520 1832 596 1872 quo
626 1827 802 1873 tempore
830 1822 982 1861 minime
1005 1821 1328 1874 exspectabatur,
1363 1833 1434 1874 per
1454 1827 1531 1861 sta-

147 1877 275 1914 tiones
307 1877 471 1915 hostium
502 1878 640 1929 erupit.

262 1932 299 1970 9.
357 1933 397 1971 Ρ.
433 1932 600 1983 Decius,
635 1933 808 1972 tribunus
841 1933 998 1972 militum
1031 1933 1138 1972 bello
1169 1934 1400 1982 Samnitico,
1434 1931 1528 1972 Cor-

147 1988 250 2027 nelio
285 1987 411 2026 Cosso
440 1989 589 2028 consuli
617 1990 754 2041 iniquis
777 1990 875 2028 locis
895 1989 1143 2042 deprehenso
1167 1989 1214 2028 ab
1242 1988 1418 2028 hostibus
1443 1999 1527 2026 sua·

147 2046 216 2093 sit,
251 2050 292 2082 ut
323 2044 370 2082 ad
409 2045 673 2096 occupandum
708 2046 872 2095 collem,
905 2047 968 2097 qui
997 2047 1035 2084 in
1064 2046 1282 2098 propinquo
1311 2049 1416 2092 erat,
1447 2054 1527 2081 mo-

147 2101 272 2139 dicam
313 2111 463 2138 mauum
502 2103 693 2151 mitteret,
740 2113 863 2153 seque
909 2103 1046 2141 ducem
1090 2102 1137 2140 iis
1181 2102 1244 2153 qui
1282 2098 1528 2139 mittebantur

147 2156 297 2196 obtulit.
356 2155 555 2195 Avocatus
595 2158 632 2196 in
667 2159 861 2197 diversum
891 2158 1013 2197 hostis
1045 2158 1168 2197 emisit
1199 2155 1417 2204 consulem,
1447 2154 1526 2194 De-

149 2214 248 2251 cium
278 2218 403 2252 autem
433 2213 550 2251 cinxit
578 2213 821 2265 obseditque.
880 2213 972 2253 Illas
1003 2225 1157 2264 quoque
1186 2211 1380 2261 angustias
1410 2217 1526 2250 nocte

149 2269 353 2320 eruptione
388 2267 490 2308 facta
531 2280 615 2307 cum
645 2269 835 2309 eluctatus
871 2276 978 2310 esset
1008 2269 1173 2319 Decius,
1209 2266 1409 2307 incolumis
1440 2279 1525 2310 cum

146 2325 328 2365 militibus
355 2324 502 2365 consuli
529 2325 708 2364 accessit.
