1566 2496
135 146 186 187 14
579 154 676 186 sax.
707 155 825 187 1UL11
849 156 1077 190 Fnon'rmr

133 266 263 312 patum
293 258 457 309 collem,
486 259 551 310 qui
580 265 663 299 erat
690 260 728 298 in
757 261 998 312 propinquo,
1034 260 1223 300 modicam
1251 265 1400 302 manum
1427 263 1511 302 ιιιίι-

134 323 254 366 teret,
285 327 407 368 seque
435 315 573 355 ducem
602 316 649 355 iis
680 317 756 368 qui
771 317 1018 356 mittebantur
1042 316 1194 358 obtulit.
1253 317 1485 358 Avocatus
1474 331 1512 358 ιιι

132 374 327 413 diversum
352 372 475 411 hostis
499 372 638 412 dimisit
665 373 885 424 consulem,
907 373 1072 413 Decium
1097 379 1224 414 autem
1253 375 1372 414 cinxit
1396 367 1511 414 obse·

133 431 278 481 (litque.
338 429 429 468 Illas
447 440 601 480 quoque
616 430 812 480 angustias
827 436 945 469 noctu
961 432 1163 482 eruptione
1183 430 1286 470 facta
1303 443 1388 470 cum
1383 419 1511 471 eluc-

134 493 235 526 tatus
262 491 370 525 esset
394 485 563 535 Decius,
590 486 791 524 incolumis
822 499 906 525 cum
934 486 1117 526 militibus
1149 487 1299 526 consuli
1327 488 1519 527 accessit:

248 542 313 581 15.
343 541 450 581 Idem
470 541 564 581 fecit
585 541 655 581 sub
675 541 793 581 Atilio
811 541 985 582 Calatino
1006 543 1199 582 consule
1187 556 1241 593 is,
1265 544 1374 583 cuius
1403 544 1510 582 varic

131 599 292 638 traditur
307 610 470 637 nomen:
500 599 565 638 alii
585 598 809 649 Laberium,
835 599 1005 638 nonnulli
1027 598 1074 648 Q.
1093 598 1326 650 Caeditium,
1358 599 1511 651 plurimi

133 655 378 707 Calpurnium
399 654 606 694 Flammam
626 655 833 694 vocitatum
855 656 1106 707 scripserunt.
1163 655 1235 695 Hic
1258 668 1344 695 cum
1373 655 1511 694 demis-

133 725 216 752 sum
244 712 281 750 in
311 724 396 750 eam
422 711 562 750 vallem
584 711 736 750 videret
760 713 992 762 exercitum,
1022 714 1130 751 cuius
1156 713 1278 752 latera
1303 713 1427 751 omnia
1449 724 1510 751 su-

132 769 288 820 periora
317 768 441 807 hostis
471 768 687 818 insederat,
715 768 949 820 depoposcit
978 774 1017 807 et
1037 770 1192 820 accepit
1216 774 1414 808 trecentos
1442 769 1509 807 mi-

132 825 242 864 lites:
276 836 374 875 quos
405 824 651 873 adhortatus,
690 825 744 862 uti
780 825 920 863 virtute
950 837 1020 864 sua
1051 825 1264 864 exercitum
1294 830 1510 874 servarent,

132 883 170 920 in
199 881 361 920 mediam
386 881 527 920 vallem
557 880 790 920 decucurrit.
851 879 900 920 Et
929 881 976 920 ad
999 880 1274 933 obprimendos
1304 892 1375 920 eos
1402 881 1510 920 undi-

133 950 208 989 que
239 923 449 976 descendit
485 938 628 982 hostis;
660 937 860 988 longoque
895 943 934 977 et
970 949 1113 989 aspero
1149 937 1302 990 proelio
1338 942 1510 985 retentus

132 995 380 1034 occasionem
410 993 559 1033 consuli
585 968 634 1032 ad
662 993 937 1033 extrahendum
967 995 1180 1034 exercitum
1209 993 1326 1036 dedit.

248 1051 312 1090 16.
345 1050 392 1099 Q.
423 1049 612 1089 Minucius
638 1050 773 1089 consul
800 1051 838 1088 in
859 1049 1034 1101 Liguria,
1057 1050 1225 1090 demisso
1253 1051 1292 1089 in
1314 1049 1510 1100 angustias

132 1108 306 1147 exercitu
332 1105 425 1146 cum'
438 1107 511 1146 iam
528 1106 702 1145 omnibus
723 1105 999 1146 obversaretur
1020 1105 1213 1147 Caudinae
1238 1105 1360 1146 cladis
1379 1117 1510 1144 exem-

131 1165 257 1216 plum,
285 1162 467 1202 Numidas
490 1163 719 1212 auxiliares,
741 1168 815 1202 tam
838 1170 1001 1215 propter
1026 1164 1196 1214 ipsorum
1219 1173 1331 1214 quam
1349 1167 1512 1214 propter

132 1232 318 1273 equorum
347 1220 627 1259 deformitatem
667 1219 964 1270 despiciendos,
997 1219 1107 1257 iussit
1136 1218 1360 1269 adequitare
1390 1218 1510 1258 fauci-

130 1277 202 1316 bus
233 1288 332 1329 quae
362 1275 603 1315 tenebantur.
661 1275 787 1315 Primo
816 1275 949 1313 intenti
973 1275 1130 1324 hostes,
1153 1275 1187 1313 si
1207 1274 1510 1324 lacesserentur,

133 1335 336 1372 stationem
367 1331 610 1370 obiecerunt.
668 1330 767 1369 Dein
797 1331 980 1370 industria
1002 1330 1189 1370 Numidae
1219 1331 1266 1370 ad
1294 1330 1510 1381 augendum

132 1390 190 1428 sui
217 1394 476 1439 contemptum
501 1387 578 1426 labi
606 1388 740 1438 equis,
767 1392 806 1425 et
835 1399 907 1438 per
935 1387 1137 1426 ludibrium
1162 1387 1389 1438 spectaculo
1420 1398 1511 1426 esse
1565 1414 1566 1418 ,

132 1445 437 1484 adfectaverunt.
497 1443 559 1483 Ad
587 1444 796 1482 novitatem
825 1444 882 1482 rei
907 1444 1044 1483 laxatis
1069 1443 1266 1482 ordinibus
1293 1442 1447 1482 barbari
1471 1444 1510 1481 in

132 1500 397 1548 spectaculum
427 1512 549 1552 usque
578 1500 740 1539 resoluti
776 1505 874 1541 sunt.
935 1499 1047 1547 Quod
1068 1499 1132 1538 ubi
1164 1499 1523 1551 animadverterunt,

131 1558 340 1606 Numidae,
371 1556 567 1608 paullatim
595 1556 853 1595 succedentes
882 1556 1019 1596 additis
1049 1555 1268 1595 calcaribus
1293 1568 1366 1608 per
1393 1555 1510 1594 iuter-

131 1615 269 1654 missas
295 1614 460 1652 hostium
489 1614 676 1652 stationes
705 1618 935 1664 eruperunt:
966 1624 1127 1664 quorum
1149 1612 1287 1651 deinde
1314 1624 1400 1651 cum
1419 1622 1510 1663 pro·

132 1673 255 1710 ximos
280 1672 471 1709 irruerent
499 1681 638 1720 agros,
669 1681 835 1708 necesse
868 1669 1069 1720 Liguribus
1091 1668 1162 1707 fuit
1185 1669 1342 1707 avocari
1371 1667 1418 1706 ad
1443 1667 1510 1707 de·

133 1727 324 1767 sendenda
352 1738 420 1765 sua
449 1726 699 1776 inclusosque
730 1725 924 1764 Romanos
952 1726 1140 1766 emittere.

249 1785 312 1822 17.
343 1782 384 1821 L.
417 1782 543 1832 Sulla,
574 1781 680 1821 bello
712 1781 849 1820 sociali
878 1782 981 1834 apud
1007 1780 1236 1820 Aeserniam
1263 1780 1364 1820 iuter
1390 1792 1524 1831 angu-.

134 1840 227 1879 stias
244 1839 531 1890 deprehensus,
550 1838 597 1877 ad
617 1839 830 1876 exercitum
852 1838 1039 1887 hostium,
1062 1839 1122 1877 cui
1139 1836 1294 1877 Mutilus
1313 1842 1509 1889 praeerat,

134 1896 332 1946 colloquio
364 1896 486 1947 petito
518 1894 566 1933 de
598 1894 879 1933 conditionibus
907 1895 1016 1946 pacis
1045 1893 1213 1945 agitabat
1241 1894 1325 1932 sine
1345 1892 1509 1933 effectu:

132 1952 283 1992 hostem
311 1958 438 1990 tamen
463 1957 624 2002 propter
647 1951 819 1990 inducias
844 1951 1079 2002 negligentia
1105 1949 1316 1989 resolutum
1344 1948 1510 1988 animad-

133 2014 312 2058 vertens,
344 2013 460 2046 nocte
489 2007 690 2058 profectus
720 2007 858 2046 relicto
890 2007 1160 2056 buccinatore,
1188 2006 1255 2057 qui
1278 2003 1430 2055 vigilias
1461 2003 1509 2043 ad

135 2064 248 2104 fidem
277 2064 552 2103 remanentium
583 2063 772 2102 divideret
801 2069 839 2102 et
869 2069 1002 2115 quarta
1028 2062 1159 2113 vigilia
1184 2061 1387 2100 commissa
1418 2071 1509 2099 con-

135 2126 385 2172 seqx,ieretur
413 2119 626 2158 incolumes
656 2131 749 2158 suos
788 2132 872 2158 cum
912 2119 1085 2158 omnibus
1124 2117 1405 2169 impedimentis
1431 2122 1509 2155 tor·

135 2178 349 2228 mentisque
379 2177 417 2214 iu
448 2181 526 2214 tuta
556 2175 748 2226 perduxit.
1503 2200 1512 2210 ι

251 2232 315 2275 18.
346 2231 474 2281 Idem,
517 2231 702 2270 adversus
739 2230 973 2270 Archelaum
1002 2229 1241 2282 praefectum
1265 2198 1493 2268 Mithridatis

135 2292 171 2329 in
199 2288 446 2342 Cappadocia
471 2287 667 2339 iniquitate
692 2287 864 2326 locorum
890 2293 927 2326 et
951 2284 1187 2325 multitudine
1213 2284 1377 2324 hostium
1399 2290 1513 2336 pres·'

136 2360 223 2397 sus,
262 2347 356 2386 fecit
394 2345 502 2398 pacis
537 2344 787 2389 mentionem
837 2343 1143 2396 interpositoque
1181 2346 1357 2394 tempore
1395 2341 1471 2380 etia
