1566 2496
203 172 267 204 DE
288 170 444 212 AQUAE
472 169 701 201 DUCTIBUS
729 168 864 200 URBIS
894 168 1056 200 ROMAE
1085 167 1238 198 LIBER.
1330 159 1407 198 119

32 289 130 316 ruam
159 273 448 335 erogationibus
474 273 639 312 omnium
669 285 851 338 aquarum
882 273 1147 323 seposuimus,
1179 271 1315 310 dantur
1340 275 1407 309 bo-

4 348 5 351 *
33 333 133 372 mine
158 317 311 384 Appiae
338 336 450 369 extra
478 329 612 368 urbem
644 330 841 381 quinariae
870 327 1127 367 tantummodo
1158 337 1202 376 V,
1231 327 1411 379 quoniam

33 388 215 428 humilior
234 387 374 429 oritur:
415 391 454 424 et
482 397 504 424 a
533 385 773 424 metitoribus
802 384 976 436 reliquae
1006 385 1202 435 quinariae
1231 391 1409 422 DCXCIX

33 447 131 484 intra
157 442 292 482 urbem
312 442 579 482 dividebantur
601 454 672 493 per
691 442 876 491 regiones
896 450 954 490 11,
978 450 1085 490 V,111
1118 449 1191 489 IX,
1222 448 1294 487 XI,
1325 448 1409 487 XII,

34 510 142 550 XIII,
177 509 261 539 XIV
287 500 326 538 in
355 498 518 537 castella
545 507 632 536 XX:
674 510 724 536 ex
761 497 897 549 quibus
931 498 1083 535 nomine
1118 495 1299 535 Caesaris
1330 495 1410 546 qui-

34 557 167 596 nariae
199 564 297 604 CLI,
332 554 492 606 privatis
525 554 720 605 quinariae
758 561 917 602 CXCIV,
957 552 1090 591 usibus
1126 552 1292 603 publicis
1329 551 1411 602 qui·

34 613 166 652 uariae
193 620 381 651 CCCLIV:
410 622 462 648 ex
483 621 532 648 eo
557 610 695 648 castris
715 619 732 647 1
753 604 948 660 quinariae
971 618 1048 658 111,
1081 608 1267 659 operibus
1288 607 1411 658 publi-

36 669 93 708 cis
114 677 199 707 XIV
219 667 415 720 quinariae
436 675 605 715 CXXIII,
635 667 782 704 muneri
803 675 820 704 I
841 666 1037 716 quinariae
1055 674 1110 714 11,
1142 664 1291 703 lacibus
1315 672 1413 702 XCII

36 725 232 776 quinariae
261 731 442 762 CCXXVI.

150 778 219 818 80.
275 778 437 816 Anionis
468 777 624 815 Veteris
659 776 918 827 erogabantur
954 783 1063 815 extra
1098 776 1229 814 urbem
1260 776 1414 814 nomine

39 834 220 875 Caesaris
250 834 445 885 quinariae
466 841 557 881 CIV,
588 834 747 883 privatis
771 834 967 883 quinariae
989 841 1163 871 cccclv.
1224 831 1413 883 Reliquae

39 892 235 944 quinariae
262 898 364 928 MCII
389 890 505 927 semis
530 894 639 927 extra
667 887 803 926 urbem
831 888 1098 926 dividebantur
1128 900 1199 938 per
1231 889 1413 938 regiones

40 958 79 996 1,
116 956 195 996 III,
227 954 299 994 IV,
336 954 381 993 v,
419 954 490 993 v1,
527 953 618 994 vn,
662 954 773 993 VIII,
816 953 888 992 IX,
928 953 1019 992 XII,
1058 953 1140 982 XIV
1177 945 1214 981 iu
1254 944 1416 982 castella

41 1012 190 1042 xxxv:
222 1014 274 1040 ex
299 1000 436 1052 quibus
465 1001 615 1038 nomine
640 999 820 1039 Caesaris
849 1000 1045 1051 quinariae
1071 1009 1155 1048 LX,
1186 999 1317 1037 usibus
1338 1001 1414 1051 pri-

39 1059 140 1098 vatis
165 1057 362 1110 quinariae
388 1064 583 1105 CCCCXC,
614 1056 780 1107 publicis
808 1057 1003 1106 quinariae
1032 1064 1154 1094 DLII:
1192 1067 1241 1093 ex
1272 1066 1320 1094 eo
1352 1068 1414 1094 ca-

42 1115 132 1154 stris
162 1123 181 1153 1
210 1113 405 1165 quinariae
437 1121 489 1160 L,
529 1112 715 1163 operibus
743 1111 908 1162 publicis
937 1121 1021 1150 XIX
1054 1112 1250 1162 quinariae
1281 1120 1414 1160 CXCV,

39 1169 260 1209 muneribus
297 1178 347 1208 IX
385 1169 581 1219 quinariae
614 1177 851 1217 LXXXVIII,
893 1167 1041 1206 lacibus
1073 1176 1186 1206 XCIV
1219 1169 1416 1218 quinariae

40 1235 227 1266 CCXVIII.

154 1281 222 1322 81.
280 1280 450 1320 narciae
480 1279 740 1330 erogabantur
767 1285 876 1318 extra
903 1278 1036 1318 urbem
1063 1279 1215 1317 nomine
1238 1278 1418 1318 Caesaris

43 1339 240 1390 quinariae
277 1345 447 1376 CCLXIX
467 1366 479 1385 ,
524 1337 684 1388 privatis
721 1344 918 1374 DLXVIII.
991 1334 1180 1386 Reliquae
1222 1336 1418 1387 quinariae

43 1403 227 1434 lIXCVIII
261 1394 358 1432 intra
390 1391 526 1431 urbem
555 1391 822 1431 dividebantur
855 1403 928 1442 per
959 1392 1142 1441 regiones
1169 1400 1209 1440 I,
1245 1401 1322 1440 ΙΙΙ,
1353 1401 1417 1441 IV,

37 1459 90 1499 fv,
115 1459 186 1497 VI,
214 1458 305 1498 VII,
334 1458 440 1498 VIII,
470 1458 544 1498 IX,
572 1458 626 1497 X,
656 1457 740 1487 XIV
763 1448 800 1485 in
823 1446 982 1486 castella
1010 1457 1079 1485 LI:
1110 1459 1161 1485 ex
1187 1448 1325 1498 quibus
1350 1459 1418 1486 no-

44 1507 144 1545 mine
181 1504 360 1544 Caesaris
399 1505 595 1556 quinariae
638 1513 769 1552 CXVI,
814 1504 973 1554 privatis
1013 1504 1209 1554 quinariae
1249 1513 1418 1552 DXLIII,

32 1561 177 1600 'usibus
212 1560 378 1612 publicis
416 1561 612 1611 quinariae
651 1568 934 1607 CCCCXXXIX,
975 1559 1111 1596 castris
1140 1568 1189 1597 IV
1222 1561 1420 1610 quinariae

45 1626 149 1665 XLI,
193 1615 376 1667 operibus
416 1615 582 1666 publicis
619 1624 683 1653 XV
722 1615 917 1665 quinariae
954 1623 1059 1662 XLI,
1099 1615 1319 1653 muneribus
1351 1625 1421 1654 XII

48 1672 244 1723 quinariae
269 1679 360 1718 CIV,
390 1670 539 1708 lacibus
570 1679 684 1708 CXIII
716 1668 913 1720 quinariae
944 1677 1099 1709 CCLIII.

159 1725 225 1764 82.
284 1725 456 1775 Tepulae
484 1725 741 1775 erogabantur
767 1731 875 1763 extra
904 1724 1037 1763 urbem
1064 1727 1216 1764 nomine
1241 1725 1421 1766 Caesaris

50 1781 245 1832 quinariae
271 1789 411 1828 LVIII,
439 1781 596 1831 privatis
625 1790 716 1819 LVI.
774 1780 965 1832 Reliquae
993 1782 1190 1833 quinariae
1220 1791 1421 1822 CCCXXXI

50 1838 146 1876 intra
173 1836 308 1875 urbem
332 1835 599 1875 dividebantur
627 1848 699 1887 per
724 1838 907 1887 regiones
934 1846 997 1886 IV,
1027 1846 1072 1886 V,
1098 1847 1169 1886 VI,
1199 1848 1267 1878 VII
1293 1840 1330 1877 in
1358 1852 1419 1878 ca-

51 1892 165 1931 stella
208 1901 312 1931 XIV:
357 1903 407 1930 ex
442 1891 577 1943 quibus
619 1893 772 1930 nomine
815 1891 994 1932 Caesaris
1034 1895 1229 1944 quinariae
1257 1905 1419 1944 XXXIV,

50 1949 208 2000 privatis
237 1948 430 1998 quinariae
462 1955 668 1996 CCXLVII,
706 1947 838 1987 usibus
864 1948 1028 1999 publicis
1059 1951 1254 2000 quinariae
1279 1961 1328 1990 L:
1371 1964 1421 1989 ex

49 2016 99 2044 eo
138 2005 275 2043 castris
313 2012 330 2042 1
367 2004 562 2067 quinariae
597 2013 688 2053 XII,
732 2004 917 2055 operibus
946 2004 1112 2056 publicis
1141 2016 1196 2045 111
1224 2009 1421 2059 quinariae

50 2069 140 2109 vn,
178 2058 326 2098 lacibus
351 2069 438 2098 XIII
465 2059 659 2110 quinariae
686 2069 815 2098 XXXI.

162 2115 229 2155 83.
286 2114 406 2154 Iuliae
438 2114 605 2153 fluebant
640 2121 750 2154 extra
778 2115 912 2154 urbem
945 2118 1097 2156 nomine
1130 2116 1310 2156 Caesaris
1340 2118 1421 2167 qui-

51 2171 179 2210 nariae
213 2180 387 2220 LXXXV,
415 2171 576 2222 privatis
605 2172 799 2222 quinariae
828 2179 950 2211 CXXI.
1007 2172 1197 2224 Reliquae
1228 2173 1424 2223 quinariae

52 2234 213 2265 DXCVII
240 2227 337 2265 intra
358 2226 491 2265 urbem
513 2225 779 2265 dividebantur
797 2239 871 2279 per
891 2229 1073 2278 regiones
1090 2239 1149 2277 11,
1179 2237 1255 2276 111,
1286 2237 1330 2277 V,
1357 2237 1421 2276 VI,

54 2289 162 2329 VIII,
199 2291 253 2333 X,
286 2291 356 2321 XII
396 2283 433 2321 in
469 2281 630 2321 castella
662 2291 782 2321 XVII:
821 2295 871 2322 ex
898 2283 1034 2334 quibus
1063 2285 1213 2322 nomine
1245 2282 1426 2322 Caesaris

55 2337 246 2387 quinariae
282 2348 420 2389 XVHI,
463 2339 623 2390 privatis
660 2346 819 2389 CXCVI,
858 2339 991 2378 usibus
1030 2340 1195 2392 publicis
1229 2340 1423 2390 quinariae
