1566 2496
108 133 175 171 ’44
568 142 668 174 SEX.
699 143 829 174 1UL11·
841 145 1066 179 mom-11³1
1529 0 1566 248 11

120 246 256 285 consul
288 252 326 285 et
355 246 513 285 adortus
538 253 683 286 temere
717 254 755 287 et
782 250 1000 298 insecutae,
1026 250 1194 291 ieiunum
1224 251 1437 291 exereitum
1469 253 1505 292 in

119 304 283 341 maximo
321 303 467 353 frigore
504 305 663 342 transitu
703 304 866 343 fluminis
903 279 1105 356 rigel'ecit:
1141 319 1233 346 mox
1269 314 1430 359 torpore
1467 315 1507 348 et

80 360 83 365 “
119 359 245 398 inedia
275 360 438 398 adfectis
469 359 656 399 Hannibal
683 373 791 400 suum
820 361 978 400 militem
1011 361 1214 414 obposuit,
1253 376 1367 416 quem
1398 364 1447 404 ad
1468 365 1507 406 id
1546 387 1547 390 =

121 415 274 465 ignibus
306 416 476 478 oleoque
506 422 543 455 et
574 416 662 455 cibo
687 417 853 457 foverat.
913 417 998 457 Nec
1026 419 1148 458 defuit
1173 420 1346 471 partibus
1372 420 1504 472 Mago,

121 474 210 523 quin
242 467 353 523 terga
389 473 554 511 hostium
584 474 622 511 in
651 473 727 512 hoc
757 475 953 514 ordinatus
984 476 1183 515 caederet.

233 528 299 568 24.
359 528 464 568 Idem
497 529 545 568 ad
577 529 863 581 Trasimenum
900 543 985 570 cum
1021 536 1104 571 arta
1139 533 1326 584 quaedam
1366 516 1428 572 via
1467 533 1504 573 in

116 585 249 624 radice
279 586 416 624 montis
445 587 481 624 in
511 598 670 637 campos
700 593 879 638 patentes
907 587 1089 637 duceret,
1115 590 1290 628 simulata
1316 588 1407 639 ruga
1432 601 1505 641 per

119 643 314 692 angustias
353 642 399 681 ad
436 644 607 693 patentia
645 645 768 682 evasit
800 644 929 695 ibique
970 651 1098 684 castra
1130 647 1282 696 posuit,
1313 657 1360 684 ac
1386 652 1503 684 nocte

118 699 316 750 dispositis
354 699 560 747 militibus,
602 705 640 737 et
671 712 742 751 per
771 700 911 739 collem
938 702 1002 752 qui
1027 701 1245 741 imminebat
1277 707 1317 740 et
1344 703 1382 741 in
1407 702 1502 741 late-

116 755 221 793 ribus
255 756 514 806 angustiarum
545 757 663 807 prima
693 756 802 805 luce,
835 757 975 796 nebula
1004 769 1161 809 quoque
1185 759 1358 807 adiutus,
1380 759 1503 798 aciem

117 812 270 851 direxit.
332 811 563 861 Flaminius.
590 813 697 851 velut
723 813 935 863 fugientem
959 815 1171 865 insequens
1197 827 1281 853 cum
1308 815 1504 865 angustias

116 874 224 906 esset
260 868 483 918 ingressus,
523 880 599 907 non
631 875 718 908 ante
758 870 926 921 providit
959 870 1141 920 insidias,
1180 883 1292 922 quam
1331 870 1467 910 simul
1481 883 1503 911 a

94 925 266 973 ‘fi-onte,
303 924 512 974 lateribus,
547 932 659 976 tergo
694 926 951 993 eincumfusus
991 927 1040 975 ad
1079 927 1386 967 internecionem
1417 939 1503 966 cum

115 982 290 1020 exercitu
320 981 563 1020 caederetur.

229 1037 295 1077 25.
357 1037 464 1076 Idem
479 1037 667 1078 Hannibal
693 1039 880 1078 adversus
905 1038 955 1078 M.
973 1039 1118 1079 Iunium
1134 1039 1362 1080 dictatorem
1384 1036 1500 1079 nocte

115 1096 345 1146 intempesta
371 1096 567 1134 sexcentis
598 1095 791 1147 equitibus
819 1097 1044 1146 imperavit,
1074 1102 1114 1136 ut
1137 1098 1174 1135 in
1203 1097 1338 1148 plures
1358 1101 1501 1135 turmas

114 1153 312 1202 segregati
350 1163 422 1203 per
463 1153 572 1191 vices
612 1153 695 1191 sine
730 1153 1013 1191 intermissione
1045 1154 1148 1192 circa
1180 1157 1305 1192 castra
1335 1151 1502 1195 hostium

114 1221 158 1246 se
191 1214 444 1247 ostentarent.
504 1208 560 1247 Ita
594 1215 671 1248 tota
702 1215 819 1247 nocte
849 1208 1032 1248 Romanis
1062 1210 1099 1248 in
1129 1209 1233 1249 vallo
1259 1208 1424 1249 statione
1453 1220 1500 1248 ac

114 1265 265 1316 pluvia,
301 1277 401 1316 quae
437 1265 540 1303 forte
576 1266 754 1304 continua
784 1265 935 1313 fuerat,
965 1266 1184 1316 inquietatis
1215 1264 1499 1316 confectisque,

114 1334 198 1360 cum
227 1322 404 1372 receptui
441 1323 589 1371 signum
621 1322 692 1359 iam
718 1320 846 1359 Iunius
877 1321 1071 1371 dedisset,
1101 1319 1290 1361 Hannibal
1317 1333 1408 1360 suos
1438 1333 1499 1360 re-

115 1378 268 1428 quietos
301 1377 434 1416 eduxit
463 1383 501 1415 et
530 1383 655 1415 castra
689 1378 770 1415 eius
803 1378 951 1415 invasit.
1534 1425 1543 1430 „

225 1433 291 1473 26.
351 1432 636 1483 Epaminondas
673 1432 879 1482 Thebanus
918 1435 956 1472 in
986 1433 1161 1473 eumdem
1197 1434 1372 1483 modum,
1413 1446 1498 1473 cum

110 1490 406 1528 Lacedaemonii
445 1489 492 1528 ad
520 1489 689 1528 Isthmon
721 1489 827 1528 vallo
856 1490 972 1529 ducto
1002 1489 1315 1541 Peloponnesum
1343 1496 1497 1528 tueren-

109 1553 192 1595 tur,
223 1558 435 1598 paueorum
470 1557 594 1597 opera
631 1546 728 1585 levis
770 1553 982 1585 armaturae
1021 1552 1100 1585 tota
1134 1552 1250 1585 nocte
1274 1546 1500 1597 inquietavit

111 1601 282 1647 hostem:
315 1615 360 1642 ae
383 1603 522 1642 deinde
552 1603 673 1654 prima
700 1602 787 1641 luce
816 1603 967 1642 vocatis
998 1603 1102 1651 suis,
1132 1614 1218 1642 cum
1237 1601 1498 1649 Lacedaemo·

111 1660 163 1698 nii
193 1672 235 1698 se
267 1660 532 1711 recepissent,
572 1658 698 1698 subito
725 1660 944 1698 universum
974 1659 1210 1709 exercitum,
1246 1670 1360 1710 quem
1390 1659 1497 1710 quie·
1526 1695 1530 1699 .

110 1722 187 1754 tum
217 1715 430 1766 habuerat,
460 1716 628 1755 admovit
653 1721 691 1754 et
715 1728 788 1767 per
808 1717 892 1767 ipsa
915 1715 1166 1765 munimenta,
1199 1715 1380 1754 destituta
1407 1726 1497 1794 pro—

112 1772 412 1823 pugnatoribus,
442 1773 595 1822 inrupit.

223 1827 291 1868 27.
350 1828 561 1877 Hannibal,
585 1828 732 1868 directa
756 1829 841 1867 acie
858 1828 905 1867 ad
922 1827 1096 1878 Cannas,
1119 1833 1330 1868 sexcentos
1345 1825 1496 1879 equites

110 1883 292 1923 Numidas
323 1885 568 1935 transfugere
603 1886 734 1934 iussit,
775 1885 839 1936 qui
871 1885 919 1924 ad
955 1885 1070 1924 fidem
1099 1884 1316 1924 faciendam
1343 1881 1496 1934 gladios

113 1947 151 1979 et
181 1947 289 1979 scuta
320 1943 463 1979 nostris
493 1941 750 1980 tradiderunt:
794 1941 864 1980 sed
896 1942 932 1980 in
962 1941 1300 1991 ultimumagmen
1329 1939 1495 1989 recepti,
1519 1974 1528 1982 ,

110 1996 176 2036 ubi
198 1997 358 2048 primum
386 1997 564 2035 concurri
595 1998 745 2048 eoepit,
785 1998 928 2036 strictis
958 1997 1167 2036 minoribus
1197 2008 1296 2048 quos
1323 1994 1495 2035 occulta-

110 2059 247 2092 verant
270 2053 434 2103 gladiis,
463 2054 582 2091 scutis
612 2054 816 2093 iacentium
849 2054 1052 2103 adsumtis,
1087 2053 1344 2093 Romanorum
1372 2050 1497 2090 aciem

112 2109 349 2149 ceciderunt.

226 2164 291 2205 28.
351 2164 519 2217 Iapydes
545 2164 584 2203 P.
607 2165 751 2203 Licinio
782 2165 1007 2217 proconsuli
1033 2174 1206 2217 paganos
1235 2174 1392 2215 quoque
1421 2161 1495 2202 sub

114 2224 249 2275 specie
278 2222 481 2261 deditionis
512 2221 754 2271 obtulerunt,
780 2223 843 2273 qui
866 2222 1018 2273 recepti
1046 2227 1085 2260 et
1110 2222 1151 2268 ⁴in
1180 2225 1377 2272 postrema
1408 2219 1494 2258 acie

114 2280 308 2318 conlocati
337 2284 447 2328 terga
478 2277 735 2316 Romanorum
763 2279 999 2317 ceciderunt.

228 2335 293 2375 29.
356 2334 487 2386 Scipio
518 2334 747 2383 Africanus,
791 2346 874 2372 cum
905 2334 1067 2374 adversa
1102 2330 1267 2372 haberet
1299 2331 1388 2372 bina
1424 2330 1494 2371 ho·
