1566 2496
267 110 718 150 STRATEGEMAT100N
741 117 833 148 LIB.
852 117 919 148 111.
948 116 1048 149 CAP.
1069 119 1114 149 x.
1132 117 1195 148 XI.
1366 108 1413 148 71

48 221 152 260 litori
188 220 423 272 adpositam,
461 226 550 271 post
584 220 770 271 quaedam
805 221 1067 272 promontoria
1104 219 1258 259 occulte
1288 218 1418 259 habita

50 277 199 327 classe,
235 288 259 316 e
286 275 444 315 navibus
472 276 755 315 velocissimam
782 282 939 327 praeter
966 276 1119 315 hostilia
1140 275 1333 327 praesidia
1362 275 1419 314 ire

48 332 170 371 iussit.
229 331 313 380 Qua
331 332 428 382 visa,
457 343 540 371 cum
561 333 683 372 omnia
711 333 878 382 navigia,
906 343 1004 383 quae
1033 343 1105 384 pro
1127 331 1301 370 custodia
1329 342 1418 382 por-

49 395 110 427 tus
138 387 324 439 agebant,
355 387 403 427 ad
440 389 747 439 persequendam
785 388 1030 437 evolassent,
1071 387 1218 426 Chares
1247 388 1284 426 in
1313 387 1418 426 inde-

48 443 197 484 fensum
226 450 378 495 portum
412 455 500 482 vcum
539 444 688 496 reliqua
720 444 847 484 classe
885 445 1061 483 invectus
1088 445 1200 482 etiam
1228 444 1418 482 civitatem

48 501 266 552 occupavit.

160 555 201 595 9.
257 555 378 595 Barca
413 555 489 594 dux
515 555 728 595 Poenorum
767 557 803 594 in
834 555 987 605 Sicilia,
1025 555 1247 605 Lilybaeum
1276 555 1418 594 nostris

48 617 152 650 terra
178 612 348 662 marique
371 611 661 661 obsidentibus,
694 618 842 663 partem
866 612 1003 650 classis
1027 624 1120 651 suae
1142 611 1278 663 procul
1298 622 1418 650 arma-

49 673 125 705 tam
152 668 259 706 iussit
283 667 445 706 ostendi.
505 667 565 706 Ad
594 669 674 706 eius
705 673 956 719 conspectum
986 680 1070 706 cum
1099 667 1322 707 evolassent
1351 678 1419 705 no-

51 722 144 771 stri,
171 723 256 774 ipse
278 722 455 774 reliquis,
482 736 575 775 quas
601 725 638 762 iu
659 724 813 762 occulto
838 729 1036 774 tenuerat,
1068 723 1226 763 navibus
1247 722 1417 773 Lilybaei

51 783 201 829 portum
229 779 445 829 occupavit.

588 888 618 928 C
629 890 662 928 A
671 890 699 929 P
711 890 744 929 U
754 890 783 928 T
821 890 858 928 X
866 889 895 929 l.

382 977 443 1006 m:
475 976 786 1008 smuLA'moxE
813 977 1087 1008 REGRESSUS.

169 1056 203 1094 1.
262 1055 466 1096 Phormion
486 1057 561 1096 dux
583 1057 895 1108 Atheniensium,
927 1070 1012 1096 cum
1035 1056 1292 1108 depopulatus
1316 1063 1423 1095 esset

53 1123 171 1162 agros
201 1110 530 1163 Chalcidensium,
570 1113 708 1164 legatis
747 1114 967 1152 eorumdem
999 1119 1108 1165 rapta
1139 1112 1422 1164 requirentibus

54 1168 222 1218 benigne
259 1169 478 1220 respondit;
517 1175 556 1208 et
585 1176 721 1219 nocte,
746 1182 820 1221 qua
852 1170 1074 1208 dimissurus
1097 1169 1187 1207 illos
1217 1175 1323 1218 erat,
1354 1168 1423 1207 fin-

56 1225 113 1262 xit
150 1223 302 1274 litterasc
334 1224 407 1263 sibi
443 1227 717 1276 supervenisse
755 1227 892 1264 civium
927 1237 1101 1274 suorum,
1139 1230 1300 1276 propter
1328 1236 1423 1276 quas

55 1279 290 1318 redeundum
320 1280 504 1330 haberet,
544 1294 590 1320 ac
628 1281 794 1332 paullum
838 1294 1043 1332 regressus
1081 1281 1222 1320 dimisit
1258 1281 1422 1331 legatos.

54 1334 122 1374 His
152 1336 276 1373 omnia
304 1341 382 1375 tuta
407 1342 447 1375 et
472 1337 601 1376 abisse
629 1337 895 1376 Phormionem
918 1336 1243 1386 renuntiantibus,
1275 1335 1424 1375 Chalci-

55 1390 224 1440 denses,
255 1403 326 1442 spe
354 1398 393 1431 et
422 1393 577 1432 oblatae
610 1393 847 1433 humanitatis
884 1400 922 1432 et
960 1394 1113 1432 abducti
1139 1393 1335 1431 exercitus
1363 1404 1424 1431 re-

49 1448 171 1485 missa
204 1445 308 1486 urbis
345 1448 540 1498 custodia,
579 1461 663 1488 cum
698 1450 899 1488 confestim
937 1449 1142 1488 Phormion
1182 1449 1424 1497 revertisset,

56 1501 263 1554 prohibere
293 1504 597 1556 inexspectatam
623 1507 697 1543 vim
723 1517 799 1544 non
831 1511 1047 1556 potuerunt.

27 1573 33 1577 ·
169 1557 207 1596 2.
266 1558 473 1609 Agesilaus
515 1560 590 1599 dux
625 1560 1036 1618 Lacedaemoniorum,
1076 1573 1160 1600 cum
1202 1561 1424 1599 Phocenses

58 1613 256 1652 obsideret
281 1621 320 1653 et
348 1616 604 1654 intellexisset
634 1628 726 1666 eos,
766 1618 829 1667 qui
857 1623 945 1655 tunc
970 1617 1164 1668 praesidio
1191 1617 1267 1655 illis
1302 1623 1424 1665 erant,

59 1670 132 1707 iam
173 1671 324 1718 gravari
358 1670 450 1709 belli
487 1671 751 1721 incommodo,
787 1672 954 1723 paullum
996 1685 1200 1722 regressus
1237 1679 1427 1724 tamquam

60 1723 108 1762 ad
132 1723 228 1762 alios
251 1731 372 1773 actus,
404 1726 563 1765 liberam
590 1727 798 1766 recedendi
830 1729 1075 1767 occasionem
1103 1728 1162 1766 his
1180 1727 1296 1766 dedit.
1339 1727 1426 1778 Non

60 1778 176 1818 multo
214 1786 303 1830 post
331 1781 448 1819 milite
483 1782 643 1821 reducto
674 1783 876 1822 destitutos
908 1783 1128 1823 Phocenses
1154 1784 1362 1835 superavit.

173 1834 212 1873 3.
266 1835 490 1875 Alcibiades
507 1837 691 1877 adversus
711 1839 934 1889 Byzantios,
962 1841 1025 1891 qui
1046 1853 1089 1879 se
1114 1839 1314 1878 moenibus
1337 1851 1426 1879 con-

59 1889 252 1940 tinebant,
283 1891 437 1931 insidias
467 1892 654 1944 disposuit
681 1900 719 1933 et
742 1895 916 1935 simulato
940 1908 1125 1947 regressu
1155 1896 1326 1935 incautos
1357 1907 1426 1934 eos

60 1945 269 1997 obpressit.

170 2004 210 2041 4.
268 2002 482 2053 Viriathus,
508 2016 593 2043 cum
608 2005 720 2044 tridui
743 2005 816 2044 iter
834 2006 1038 2046 discedens
1055 2007 1304 2055 confec-isset,
1327 2006 1427 2044 idem

60 2057 154 2096 illud
183 2070 257 2096 uno
289 2058 350 2096 die
381 2071 602 2110 remensus,
639 2073 799 2100 securos
830 2062 1141 2114 Segobrigenses
1169 2069 1208 2102 et
1236 2061 1426 2101 sacrificio

60 2118 138 2151 tum
165 2126 248 2152 cum
276 2116 438 2153 maxime
468 2122 681 2167 occupatos
710 2116 918 2168 obpressit.

172 2171 211 2208 5.
271 2169 553 2221 Epaminondas
591 2172 690 2223 apud
719 2171 957 2223 Mantiniam,
989 2187 1075 2213 cum
1100 2173 1427 2214 Lacedaemonios

63 2223 100 2260 in
131 2225 336 2264 subsidium
360 2226 460 2265 hosti
488 2227 644 2266 venisse
674 2228 1015 2279 animadverteret,
1041 2236 1144 2268 ratus
1166 2242 1285 2281 posse
1306 2228 1425 2267 Lace-

64 2277 285 2320 daemonem
315 2283 520 2335 occupari,
549 2283 580 2322 si
610 2283 708 2322 clam
733 2284 799 2323 illo
823 2287 1021 2336 profectus
1043 2292 1170 2335 esset,
1200 2290 1314 2323 nocte
1344 2296 1425 2323 cre-
