1566 2496
123 133 147 171 6
569 141 668 171 SEX.
694 141 808 172 IULII
837 117 1062 172 namnum

237 244 300 282 12.
332 243 514 284 Metellus
545 246 581 284 in
610 245 791 297 Hispania
826 246 1109 297 interrogatus,
1141 245 1231 297 quid
1262 250 1419 296 postera
1443 245 1504 284 die

121 300 292 339 facturus
325 307 451 350 esset,
483 302 648 341 tunicam
675 314 818 352 meam,
859 304 891 341 si
929 302 967 342 id
1005 301 1136 354 eloqui
1172 308 1330 354 posset,
1371 303 1504 354 inquit,

122 356 403 397 comburerem.
977 374 979 379 ’

238 414 301 461 13.Ι
333 412 381 451 Μ.
400 412 566 452 Licinius
586 412 749 452 Crassus
775 415 1037 465 percontanti,
1071 425 1146 466 quo
1169 420 1345 466 tempore
1377 420 1502 454 castra

122 476 293 508 moturus
325 477 452 520 esset,
483 470 705 522 respondit:
736 469 919 520 Vereris,
962 483 1010 510 ne
1041 471 1169 510 tubam
1198 482 1274 510 non
1304 470 1501 510 exaudias,

673 627 870 667 CAPUT
906 627 952 666 II.

343 715 403 745 DE
432 715 760 746 EXPLORANDIS
793 715 1021 747 conlens
1053 716 1275 746 nosTmM.

225 809 270 846 ’1.
304 808 435 859 Scipio
467 808 694 858 Africanus,
722 814 835 860 capta
875 809 1084 847 occasione
1114 807 1322 847 mittendae
1350 807 1399 846 ad
1429 807 1501 857 Sy·
1558 814 1563 822 ³

120 864 281 916 phacem
312 864 541 914 legationis,
583 876 667 903 cum
699 863 831 904 Laelio
872 876 1072 903 servorum
1101 864 1231 903 habitu
1261 863 1434 903 tribunos
1464 870 1503 902 et

121 922 375 959 centuriones*
399 921 658 960 electissimos
691 922 747 960 ire
785 922 919 970 iussit,
953 920 1092 973 quibus
1125 932 1241 960 curae
1272 926 1381 959 esset
1411 931 1500 972 per-

119 978 273 1028 spicere
305 977 435 1027 regias
464 978 582 1019 vires.
640 977 708 1026 Hi,
740 989 816 1029 quo
842 977 1001 1016 liberius
1025 983 1238 1016 castrorum
1269 977 1502 1029 positionem
1555 1025 1566 1035 .

118 1039 400 1081 scrutarentur,
434 1046 573 1085 equum
605 1034 653 1073 de
683 1034 867 1073 industria
898 1034 1092 1073 dimissum
1125 1039 1315 1084 tamquam
1352 1033 1501 1083 fugien-

117 1096 194 1127 tem
224 1091 459 1140 persectati,
491 1091 691 1130 maximam
722 1097 870 1142 partem
906 1091 1219 1128 munimentorum
1248 1089 1498 1128 circuierunt:

118 1158 217 1197 qnae
250 1158 332 1184 cum
363 1147 622 1197 nuntiassent,
655 1146 832 1186 incendio
862 1146 1085 1185 confectum
1111 1151 1171 1184 est
1200 1145 1356 1184 bellum.

232 1201 268 1239 2.
303 1201 349 1249 Q.
382 1201 523 1241 Fabius
549 1202 736 1242 Maximus
766 1203 871 1241 bello
890 1202 1078 1254 Etrusco,
1105 1213 1190 1240 cum
1217 1200 1341 1240 adhuc
1367 1201 1500 1251 incog-

117 1259 219 1296 nitae
247 1258 374 1296 forent
399 1258 581 1297 Romanis
603 1259 763 1298 ducibus
789 1260 1014 1308 sagaciores
1042 1257 1269 1308 explorandi
1293 1258 1402 1306 viae,
1425 1257 1499 1295 fra-

117 1320 212 1352 trem
251 1313 408 1352 Fabium
450 1314 689 1363 Kaesonem,
736 1315 899 1364 peritum
945 1314 1100 1363 linguae
1141 1312 1352 1363 Etruscae,
1387 1313 1499 1351 iussit

118 1369 247 1407 Tusco
288 1369 415 1408 habitu
463 1377 670 1420 penetrare
706 1369 901 1409 Ciminiam
946 1370 1107 1419 silvam,
1150 1369 1370 1408 intentatam
1410 1375 1498 1408 ante

115 1425 222 1463 militi
251 1432 398 1463 nostro.
460 1424 572 1473 Quod
603 1427 634 1465 is
665 1427 763 1465 adeo
794 1427 1004 1478 prudenter
1029 1431 1145 1477 atque
1174 1425 1360 1465 industrie
1390 1425 1496 1473 fecit,

115 1487 154 1519 ut
181 1487 449 1532 transgressus
476 1482 610 1522 silvam
640 1482 804 1521 Umbros
837 1481 1060 1531 Camertes,
1095 1494 1180 1521 cum
1209 1482 1498 1521 animadvertis·

116 1543 176 1575 set
206 1549 281 1576 non
311 1537 460 1576 alienos
491 1540 632 1577 nomini
657 1538 854 1588 Romano,
886 1538 933 1577 ad
958 1540 1186 1578 societatem
1218 1537 1460 1589 compulerit.

228 1594 268 1633 3.
302 1592 666 1645 Carthaginienses,
700 1607 784 1634 cum
813 1595 1173 1634 animadvertissent
1203 1593 1416 1633 Alexandri
1447 1593 1498 1631 ita

115 1662 273 1700 magnas
300 1662 419 1701 opeS,
449 1657 488 1689 ut
526 1651 684 1690 Africae
728 1664 883 1703 quoque
915 1652 1150 1700 immineret,
1185 1662 1299 1689 unum
1323 1662 1374 1688 ex
1403 1649 1497 1687 civi-

114 1706 208 1754 bus,
240 1707 361 1745 virum
396 1719 525 1746 acrem
554 1709 706 1746 nomine
744 1707 998 1747 Hamilcarem
1029 1707 1266 1755 Rhodinum,
1305 1706 1498 1744 iusserunt
1560 1720 1566 1755 g

114 1762 293 1800 simulato
335 1763 474 1801 exsilio
512 1765 569 1802 ire
610 1764 656 1802 ad
697 1777 831 1814 regem
866 1765 1046 1815 omnique
1075 1763 1201 1802 studio
1235 1763 1271 1801 in
1296 1761 1498 1801 amicitiam

115 1819 198 1856 eius
225 1819 453 1869 pervenire:
485 1832 559 1870 qua
579 1821 610 1858 is
635 1821 797 1871 potitus,
832 1821 992 1859 consilia
1020 1821 1102 1859 eius
1131 1825 1221 1858 nota
1245 1817 1393 1858 civibus
1416 1818 1497 1856 suis

113 1873 296 1913 faciebat.

227 1931 265 1967 4.
298 1930 415 1969 Iidem
447 1928 786 1980 Carthaginienses
817 1934 1021 1981 miserunt,
1053 1932 1116 1983 qui
1141 1943 1212 1983 per
1234 1929 1414 1982 speciem
1441 1928 1495 1967 le-

115 1992 289 2036 gatorum
313 1987 432 2036 longo
450 1992 625 2038 tempore
643 1987 789 2026 Romae
815 1994 1055 2027 morarentur
1078 1988 1384 2039 exciperentque
1406 1995 1497 2023 con-

117 2042 200 2081 silia
230 2048 474 2082 nostrorum..
1273 2068 1277 2072 «

228 2099 266 2137 5.
300 2096 351 2139 M.
386 2096 482 2136 Cato
513 2098 549 2135 in
581 2098 780 2149 Hispania,
816 2101 902 2150 quia
937 2100 983 2138 ad
1020 2098 1184 2137 hostium
1218 2095 1378 2136 consilia
1421 2096 1495 2134 alia

116 2155 178 2193 via
206 2155 411 2206 pervenire
440 2165 516 2191 non
545 2160 745 2204 potuerat,
773 2157 882 2194 iussit
909 2161 1106 2194 trecentos
1123 2153 1262 2192 milites
1289 2151 1399 2190 simul
1429 2152 1495 2189 im-

115 2217 246 2262 petum
276 2210 408 2249 facere
443 2210 480 2247 in
514 2211 715 2248 stationem
747 2212 912 2250 hostium
950 2217 1177 2262 raptumque
1211 2219 1324 2246 unum
1353 2219 1403 2245 ex
1435 2207 1496 2246 his

1555 1902 1566 2250 am-ss—*m-mm—:maau-A
1563 1881 1566 1888 ,
1562 1834 1566 1847 Α

116 2268 151 2304 in
184 2273 309 2306 castra
339 2265 516 2318 perferre
546 2266 786 2305 incolumem.
848 2267 988 2306 Tortus
1014 2266 1080 2305 ille
1108 2265 1232 2304 omnia
1254 2274 1410 2302 suorum
1437 2275 1495 2303 ar·
1559 2281 1566 2318 q:

116 2335 209 2361 cana
241 2322 445 2362 confessus
478 2327 550 2361 est.
