1566 2496
154 113 232 152 106
590 123 689 154 SEX.
717 124 836 155 mnu
866 125 1090 157 FRONTINI

151 226 299 264 minalis
334 227 565 266 coniunctim
603 227 698 266 infra
735 234 875 267 terram
909 228 1044 268 euntes
1075 230 1123 269 ad
1150 218 1377 270 viminalem
1405 242 1529 283 usque

154 289 301 333 portam
328 283 547 322 deveniunt.
605 283 663 322 lbi
684 297 816 323 rursus
841 292 1053 336 emergunt.
1083 285 1192 325 Prius
1211 292 1339 326 tamen
1359 298 1451 339 pars
1468 287 1528 326 In-

151 339 249 388 liae,
283 339 330 377 ad
361 340 478 390 Spem
501 340 685 379 Veterem
714 347 901 392 excepta,
937 342 1110 381 castellis
1142 341 1265 381 Caelii
1293 344 1432 382 montis
1457 343 1529 382 ‹lif-

150 395 329 434 funditur.
388 395 530 436 Marcia
561 403 687 435 autem
721 399 868 448 partem
899 400 956 436 sui
994 405 1084 450 post
1110 399 1245 438 hortos
1273 399 1530 441 Pallantianos

151 453 188 490 in
229 453 372 502 rivum,
417 454 481 504 qui
517 459 679 491 vocatur
707 453 996 504 Herculaneus,
1026 455 1162 494 deicit:
1194 456 1226 494 is
1255 467 1327 507 per
1358 455 1529 495 Caelium

153 509 302 558 ductus,
334 510 454 561 ipsius
484 510 622 547 montis
652 510 784 548 usibus
809 510 920 561 nihil,
952 517 993 550 ut
1022 511 1195 561 inferior,
1224 512 1528 562 subministrans,

152 565 277 604 finitur
306 578 422 617 supra
448 572 595 616 portam
625 564 831 618 Capenam.

267 620 332 661 20.
388 622 487 661 Anio
513 622 645 661 Novus
676 629 714 660 et
737 621 895 662 Claudia
925 635 946 662 a
979 624 1139 676 piscinis
1168 625 1206 662 in
1233 623 1394 663 altiores
1415 636 1530 662 arcus

153 679 412 729 recipiuntur,
445 680 496 717 ita
523 685 563 717 ut
585 680 763 730 superior
791 680 839 718 sit
859 679 972 718 Anio.
1032 679 1228 719 Finiuntur
1256 692 1370 719 arcus
1398 692 1530 719 earum

153 741 242 786 post
272 735 406 773 hortos
430 735 709 784 Pallantianos,
742 741 781 773 et
810 736 898 774 inde
929 737 966 774 in
994 748 1104 775 usum
1133 736 1239 775 urbis
1269 736 1405 775 fistulis
1423 735 1528 775 didu-

154 797 302 829 cuntur.
362 791 509 830 Partem
529 798 654 830 tamen
675 793 732 830 sui
753 790 912 830 Claudia
934 793 1040 843 prius
1057 793 1094 830 in
1106 805 1242 842 arcus,
1264 793 1327 843 qui
1344 797 1532 831 vocantur
1561 819 1566 826 ⁴

151 846 380 896 Neroniani,
414 848 460 886 ad
490 849 608 899 Spem
637 847 820 887 Veterem
849 848 1044 888 transfert.
1103 849 1149 888 Hi
1184 848 1322 888 directi
1340 860 1411 900 per
1431 846 1529 887 Gae-

153 903 243 942 lium
262 911 428 943 montem
449 905 552 943 iuxta
581 904 764 956 templum
786 904 873 943 Divi
895 904 1043 944 Claudii
1060 906 1320 944 terminantur.
1360 903 1528 952 Modum,

155 972 267 1011 quem
295 966 546 1011 acceperunt,
577 966 640 999 aut
663 962 765 999 circa
787 962 911 1012 ipsum
926 967 1091 1000 montem
1111 960 1303 1011 Caelium,
1321 967 1385 1000 aut
1404 962 1443 999 in
1460 960 1530 1000 Pa-

153 1016 283 1055 latium
322 1017 628 1068 Aventinumque
665 1023 704 1056 et
741 1019 943 1067 regionem
981 1017 1304 1056 Transtiberinam
1331 1017 1531 1057 dimittunt.

267 1073 334 1112 21.
393 1073 492 1112 Anio
522 1073 645 1112 Vetus
683 1075 786 1112 circa
822 1081 871 1112 IV
899 1074 1099 1113 miliarium
1123 1074 1221 1113 infra
1249 1073 1374 1126 Novi,
1403 1084 1478 1124 qua
1507 1084 1530 1111 a

154 1131 215 1168 via
246 1129 376 1169 Latina
408 1131 445 1168 in
474 1130 699 1169 Lavicanam
734 1131 830 1179 itur,
871 1142 984 1169 arcus
1020 1131 1168 1180 traicit,
1200 1137 1240 1170 et
1266 1129 1320 1169 ibi
1344 1129 1531 1181 piscinam

154 1185 283 1225 habet.
344 1186 436 1225 Inde
476 1187 573 1225 intra
610 1195 645 1224 ΙΙ
680 1186 878 1225 miliarium
914 1193 1060 1238 partem
1091 1185 1154 1225 dat
1183 1186 1220 1225 in
1255 1192 1435 1238 specum,
1465 1186 1530 1237 qni

156 1249 317 1281 vocatur
346 1242 603 1291 Octavianus,
634 1249 672 1281 et
704 1244 884 1294 pervenit
911 1244 948 1281 in
976 1244 1176 1293 regionem
1206 1243 1292 1282 viae
1317 1241 1454 1280 Novae
1475 1241 1536 1280 ad

155 1298 289 1337 hortos
310 1299 535 1349 Asinianos,
556 1299 656 1337 unde
683 1311 755 1350 per
773 1299 876 1337 illum
897 1305 1057 1337 tractum
1078 1299 1326 1338 distribuitur.
1386 1297 1533 1336 Rectus

155 1367 250 1393 vero
283 1356 442 1403 ductus,
476 1355 684 1393 secundum
715 1356 832 1405 Spem
865 1355 1045 1393 Veterem
1073 1356 1233 1393 veniens
1256 1356 1353 1393 intra
1382 1359 1531 1405 portam

155 1409 420 1463 Exquilinam,
453 1412 489 1448 in
518 1411 617 1448 altos
646 1411 750 1448 rivos
780 1422 851 1460 per
876 1410 1008 1448 urbem
1033 1410 1233 1449 diducitur.

268 1466 334 1505 22.
395 1466 478 1505 Nec
502 1466 623 1516 Virgo
654 1479 728 1505 nec
759 1466 886 1518 Appia
915 1479 988 1504 nec
1019 1465 1205 1505 Alsietina
1234 1464 1528 1516 conceptacula,

155 1524 193 1563 id
223 1529 284 1562 est
313 1524 504 1574 piscinas,
540 1522 692 1561 habent.
751 1522 878 1561 Arcus
907 1522 1078 1573 Virginis
1111 1523 1261 1561 initium·
1291 1520 1434 1560 habent
1459 1519 1531 1559 sub

155 1580 277 1619 hortis
300 1579 526 1627 Lucilianis,
563 1579 739 1617 finiuntur
763 1581 799 1617 in
817 1578 963 1630 Campo
980 1578 1116 1617 Martio
1133 1578 1343 1617 secundum
1366 1577 1531 1616 frontem

156 1638 375 1688 Septorum.
429 1636 548 1674 Rivus
569 1634 744 1686 Appiae,
763 1635 833 1673 sub
850 1635 984 1674 Caelio
1002 1641 1130 1674 monte
1148 1642 1187 1674 et
1202 1635 1393 1674 Aventino
1409 1638 1531 1680 actus,

157 1694 339 1744 emergit,
371 1699 411 1731 ut
437 1693 618 1741 diximus,
648 1692 743 1730 infra
769 1692 906 1730 clivum
932 1690 1104 1730 Publicii.
1163 1691 1376 1730 Alsietinae
1394 1689 1531 1728 ductus

156 1756 246 1801 post
276 1749 556 1797 naumachiam,
590 1749 696 1786 cuius
725 1760 840 1786 causa
871 1748 1022 1786 videtur
1048 1760 1138 1786 esse
1170 1747 1315 1797 factus,
1343 1746 1482 1785 linitur.

269 1805 335 1845 23.
397 1805 584 1853 Quoniam
605 1810 784 1842 auctores
813 1804 998 1855 cuiusque
1019 1815 1142 1854 aquae
1166 1809 1205 1842 et
1231 1808 1393 1852 aetates,
1419 1811 1531 1853 prae-

156 1867 263 1900 terea
294 1862 466 1911 origines
493 1866 532 1899 et
558 1860 816 1909 longitudines
842 1861 1009 1898 rivorum
1036 1866 1075 1898 et
1101 1860 1271 1899 ordinem
1299 1858 1422 1897 lib'rae
1442 1868 1530 1908 per-

156 1923 315 1956 secutus
340 1930 440 1961 sum;
471 1928 547 1954 non
564 1916 726 1954 alienum
745 1916 832 1954 mihi
850 1915 1022 1964 videtur,
1053 1917 1165 1954 etiam
1181 1915 1331 1966 singula
1351 1913 1530 1952 subicere

157 1980 197 2013 et
227 1974 458 2022 ostendere,
492 1978 630 2023 quanta
652 1973 699 2010 sit
722 1974 855 2023 copia,
890 1984 988 2023 quae
1015 1971 1179 2022 publicis
1199 1971 1435 2023 privatisque
1453 1977 1531 2005 non

158 2029 281 2069 solum
301 2029 433 2067 usibus
461 2035 499 2066 et
527 2028 700 2077 auxiliis,
730 2040 862 2066 verum
883 2029 995 2066 etiam
1015 2028 1277 2079 voluptatibus
1297 2024 1459 2072 sufficit,
1491 2028 1531 2061 et

156 2098 229 2138 per
269 2091 362 2136 quot
397 2084 556 2122 castella
589 2084 803 2136 quibusque
840 2083 1064 2134 regionibus
1097 2084 1314 2130 diducatur,
1352 2084 1530 2131 quantum

158 2148 266 2180 extra
299 2140 452 2189 urbem,
486 2146 663 2190 quantum
695 2141 791 2179 intra
819 2139 974 2189 urbem,
1007 2146 1046 2178 et
1077 2152 1126 2178 ex
1151 2151 1199 2178 eo
1230 2141 1407 2190 quantum
1437 2135 1529 2174 laci-

157 2198 249 2247 bus,
290 2202 466 2248 quantum
496 2196 735 2244 muneribus,
768 2202 945 2247 quantum
976 2196 1159 2247 operibus
1195 2193 1381 2246 publicis,
1413 2202 1529 2243 quan-

158 2260 235 2292 tum
264 2254 416 2291 nomine
447 2250 649 2299 Caesaris,
682 2259 859 2302 quantum
891 2253 1049 2303 privatis
1076 2250 1207 2289 usibus
1235 2254 1432 2298 erogetur.

270 2310 348 2349 Sed
384 2309 542 2348 rationis
585 2308 786 2357 existimo,
820 2309 1039 2358 priusquam
1075 2306 1225 2345 nomina
1263 2305 1530 2356 quinariam,
