1566 2496
276 141 727 176 sTRAmeEMA'rlcoN
755 141 848 172 Lm.
878 139 951 181 Ν.
975 139 1075 171 cAP.
1105 139 1185 170 vn.
1361 128 1415 167 95

45 247 302 301 sequentibm
316 246 492 286 hostibus
511 246 612 286 idem
629 246 809 285 transitus
830 249 1026 294 maneret,
1049 243 1260 285 novissimo
1278 242 1417 293 agmini

45 305 265 357 praecepit»,
294 302 543 343 incenderent
574 307 741 354 pontem.

151 358 220 400 29.
277 357 438 399 Romani
456 371 569 410 quum
588 357 791 410 Campanis
816 355 1006 408 equitibus
1032 355 1139 396 nullo
1163 355 1279 395 modo
1301 366 1417 406 pares

48 421 200 465 essent,
237 414 286 464 Q.
315 414 485 454 Naevius
523 415 698 454 centurio
740 415 777 452 in
807 413 982 453 exercitu
1012 411 1136 450 Fulvii
1162 411 1296 451 Flacci
1327 422 1417 463 pro·

47 471 216 513 consulis
239 467 498 521 excogitavit,
528 477 568 510 ut
598 470 776 510 delectos
799 482 850 508 ex
878 474 961 508 toto
991 469 1186 517 exercitu,
1218 468 1282 519 qui
1307 467 1416 507 velo·

45 528 187 567 cissimi
210 526 435 566 videbantur
463 533 503 566 et
532 527 739 566 mediocris
769 531 878 565 erant
904 531 1072 564 staturae
1090 554 1101 574 ,
1130 524 1312 575 parmulis
1339 535 1417 562 non

43 583 179 636 amplis
215 589 255 622 et
290 583 514 633 galericulis
549 583 767 634 gladiisque
804 594 850 621 ac
888 581 1062 632 septenis
1095 580 1269 631 singulos
1299 580 1419 619 hastis

45 645 331 692 quatternorum
357 640 511 678 circiter
539 639 679 690 pedum
702 639 840 678 armari
871 649 1021 688 eosque
1053 637 1254 676 adiunctos
1282 637 1420 688 equiti-

43 695 116 737 bus
134 695 287 734 iuberet
302 706 424 745 usque
446 695 493 734 ad
512 696 662 734 moenia
679 694 865 746 provehi,
897 694 1036 733 deinde
1057 693 1108 732 ibi
1125 694 1262 745 positis
1278 693 1420 732 nostris

47 750 237 802 equitibus
282 751 454 801 incipere
501 751 598 789 inter
643 751 808 790 hostium
848 751 1054 802 equitatum
1090 749 1297 802 proeliari:
1342 760 1420 800 quo

44 807 149 845 facto
181 805 433 845 vehementer
473 813 511 845 et
549 807 621 857 ipsi
661 806 843 857 Campani
878 806 1022 845 adflicti
1059 812 1145 845 sunt
1181 812 1219 845 et
1255 806 1419 845 maxime

47 863 137 913 equi
163 873 318 906 eorum;
349 861 484 912 quibus
514 861 695 912 turbatis,
725 873 846 914 prona
875 864 1017 901 nostris
1046 863 1209 902 victoria
1236 862 1319 901 fuit.

159 929 224 969 30.
283 928 324 967 Ρ.
355 929 487 980 Scipio
522 929 559 966 in
588 928 728 978 Lydia,
760 943 845 969 cum
871 931 932 969 die
962 942 1008 969 ac
1034 936 1154 968 noete·
1178 929 1298 968 imbre
1329 942 1420 968 con-

46 987 152 1024 tinuo
177 989 355 1023 vexatum
388 985 598 1024 exercitum
627 985 808 1025 Antiochi
839 987 1009 1035 videret,
1038 998 1114 1024 nec
1137 985 1311 1024 homines
1341 992 1420 1024 tan-

47 1048 124 1080 tnm
149 1046 214 1079 aut
234 1052 358 1092 equos
379 1041 569 1090 delicere,
598 1053 731 1080 verum
752 1054 865 1081 arcus
892 1054 1047 1094 quoque
1075 1041 1315 1080 madentibus
1334 1053 1421 1080 ner-

46 1097 105 1135 vis
133 1096 321 1136 inhabiles
349 1097 496 1145 factos,
529 1096 750 1136 exhortatus
775 1104 834 1137 est
854 1099 1012 1137 fratrem
1041 1109 1170 1146 suum,
1200 1103 1240 1136 ut
1261 1103 1422 1148 postero

47 1154 219 1204 quamvis
247 1152 434 1202 religioso
456 1153 517 1191 die
541 1155 796 1193 committeret
822 1155 1033 1206 proelium:
1064 1165 1175 1205 qnam
1197 1155 1422 1193 sententiam

50 1214 182 1247 secuta
209 1209 373 1247 victoria
397 1215 468 1248 est.

158 1277 224 1317 31.
285 1275 495 1325 Catonem,
534 1281 745 1314 vastantem
774 1276 1014 1328 Hispaniam,
1045 1277 1164 1327 legati
1195 1276 1420 1327 llergetum,

49 1333 113 1385 qni
134 1333 326 1372 sociorum
349 1331 514 1383 populus
535 1337 640 1381 erat,
663 1331 836 1371 adierunt
853 1339 1137 1384 oraveruutque
1154 1333 1308 1371 auxilia.
1350 1331 1420 1372 Ille

48 1400 98 1427 ne
132 1395 195 1428 aut
224 1389 414 1438 abnegato
432 1388 619 1427 adiutorio
641 1389 771 1426 socios
790 1389 999 1438 alienaret,
1032 1395 1095 1427 aut
1123 1388 1279 1428 diducto
1309 1401 1420 1427 exer-

49 1445 123 1483 citu
158 1445 262 1484 vires
296 1445 504 1495 minueret,
541 1445 692 1482 tertiam
728 1451 876 1496 partem
909 1445 1065 1484 militum
1101 1445 1244 1484 cibaria
1282 1457 1420 1496 parare

49 1507 87 1538 et
107 1512 227 1539 naves
251 1500 488 1540 adscendere
506 1501 633 1548 iussit,
660 1500 747 1538 dato
775 1507 1010 1552 praecepto,
1037 1507 1077 1539 ut
1106 1502 1250 1540 causati
1282 1507 1421 1540 ventos

45 1561 152 1594 retro
181 1556 362 1595 redirent.
420 1555 664 1595 Praecedens
691 1556 840 1594 interim
865 1557 1104 1595 adventantis
1132 1558 1262 1596 auxilii
1292 1569 1422 1596 rumor

49 1612 103 1648 uti
125 1610 333 1661 Ilergetum
362 1612 542 1650 excitavit
566 1612 732 1659 animos,
764 1612 815 1650 ita
844 1611 1007 1650 hostium
1038 1613 1200 1651 consilia
1226 1613 1418 1654 discussit.

164 1676 230 1715 32.
282 1675 324 1715 C.
344 1676 508 1726 Caesar,
540 1689 623 1715 cum
644 1678 679 1715 in
710 1677 880 1728 partibus
898 1678 1138 1730 Pompeianis
1162 1691 1298 1730 magua
1316 1681 1421 1731 equi-

52 1738 127 1770 tum
158 1730 412 1770 Romanorum
452 1738 557 1770 esset
596 1744 726 1771 manus
762 1745 886 1785 eaque
922 1747 1109 1774 armorum
1138 1735 1420 1786 magnificentia

51 1787 189 1827 milites
228 1798 320 1827 suos
358 1786 631 1837 confunderet,
670 1799 736 1828 ora
767 1790 981 1842 oculosque
1011 1803 1143 1831 eorum
1171 1791 1311 1841 gladiis
1340 1793 1421 1844 peti

52 1843 183 1892 iussit,
214 1849 252 1882 et
278 1843 333 1881 sic
364 1855 537 1882 aversam
567 1844 689 1882 aciem
720 1845 862 1884 cedere
891 1849 1033 1898 coegit.

163 1909 229 1949 33.
286 1909 477 1956 Vaccaei,
508 1921 591 1948 cum
617 1922 638 1949 a
666 1911 892 1963 Sempronio
922 1914 1098 1953 Graccho
1122 1915 1273 1954 collatis
1299 1917 1420 1967 signis

51 1971 323 2016 urguerentur,
356 1966 553 2004 universas
583 1967 715 2018 copias
744 1969 900 2008 cinxere
922 1970 1125 2021 plaustris,
1157 1984 1255 2023 quae
1286 1973 1420 2024 imple-

49 2028 183 2060 verant
213 2021 431 2061 fortissimis
453 2021 544 2059 viris
562 2022 737 2062 muliebri
757 2031 868 2064 veste
892 2027 1028 2071 tectis;
1058 2028 1419 2079 Semproniumque,

50 2083 238 2129 tamquam
278 2077 462 2116 adversus
499 2077 658 2118 feminas
693 2079 891 2120 audentius
926 2082 973 2121 ad
1012 2083 1248 2123 obsidendos
1286 2085 1420 2122 hostes

54 2139 371 2187 consurgentem,
402 2132 440 2171 hi
471 2133 535 2184 qui
564 2134 602 2172 in
624 2134 805 2185 plaustris
835 2144 943 2176 erant
972 2139 1149 2189 adgressi
1175 2140 1418 2190 fugaverunt.

162 2198 229 2239 34.
258 2199 474 2239 Eumenes
496 2199 704 2240 Cardianus
734 2215 785 2241 ex
814 2205 1108 2244 successoribus
1128 2205 1352 2254 Alexandri,
1385 2207 1421 2243 in

56 2254 214 2294 castello
244 2257 432 2308 quondam
454 2256 629 2307 clausus,
661 2258 763 2310 quod
794 2271 984 2299 exercere
1009 2273 1132 2313 equos
1157 2273 1231 2299 uon
1253 2267 1419 2311 poterat,

57 2309 171 2348 certis
189 2313 356 2362 quotidie
372 2312 479 2352 horis
508 2314 558 2352 ita
583 2324 653 2353 eos
677 2315 950 2367 suspendebat,
984 2323 1022 2356 ut
1043 2315 1326 2369 posterioribus
1353 2329 1419 2368 pe-
