1566 2496
137 171 216 211 132
579 179 680 210 SEX.
704 178 822 211 IULII
855 177 1083 210 ERONTnn

133 284 215 333 sol,
257 285 386 323 acrior
425 283 572 334 gelatio
612 282 803 334 praecipit
830 283 1047 321 materiam:
1089 294 1163 320 nec
1193 280 1311 320 ullum
1342 293 1440 333 opus
1470 281 1524 320 di·

132 341 380 392 ligentiorem
412 342 537 391 poscit
569 351 719 388 curam,
757 351 870 390 quam
899 339 1003 390 quod
1033 350 1157 390 aquae
1184 337 1422 377 obstaturam
1451 343 1523 376 est.

132 397 249 436 Fides
281 398 410 448 itaque
442 397 524 435 eius
548 409 620 448 per
647 396 798 446 singula
829 395 1038 436 secundum
1070 395 1219 446 legem,
1251 401 1378 433 notam
1407 394 1525 432 omni-

133 455 204 493 bus
236 454 306 492 sed
341 466 359 492 a
391 454 526 505 paucis
556 453 825 501 observatam,
863 452 1054 503 exigenda
1086 458 1158 490 est.
1227 451 1367 503 (124.)
1428 450 1526 490 Illud

133 511 226 549 nulli
265 510 418 549 dubium
457 522 547 549 esse
586 509 839 558 crediderim,
877 511 1076 560 proximos
1107 509 1264 556 ductus,
1303 508 1339 547 id
1370 514 1430 546 est
1462 508 1527 558 qui

134 580 154 606 a
186 577 251 606 VII
280 567 442 605 miliario
475 566 604 618 lapide
631 566 816 617 quadrato
849 567 1084 614 consistunt,
1116 565 1279 603 maxime
1307 564 1527 607 custodien-

134 625 227 673 dos,
260 624 436 675 quoniam
469 630 507 661 et
537 623 760 674 amplissimi
792 623 925 673 operis
953 628 1038 660 suut
1069 628 1108 660 et
1137 621 1270 673 plures
1300 633 1420 672 aquas
1451 621 1525 658 sin·
1550 636 1551 639 ¹

135 681 214 732 guli
247 681 454 719 sustinent:
487 691 586 731 quos
617 680 648 717 si
680 691 847 717 necesse
874 679 988 717 fuerit
1010 680 1312 729 interrumpere,
1343 678 1528 716 maiorem

134 743 281 789 partem
311 748 493 788 aquarum
524 736 631 774 urbis
662 735 882 774 destituent.
942 734 1127 774 Remedia
1157 741 1282 772 tamen
1303 740 1389 772 sunt
1413 732 1527 772 ethis

135 793 445 837 difficultatibus:
478 792 695 831 inchoatum
726 794 918 831 excitatur
939 792 986 830 ad
1008 791 1145 830 libram
1167 790 1383 830 deficientis
1404 789 1526 831 alvei:

135 851 167 888 is
194 861 291 888 vero
318 849 525 900 plumbatis
554 848 751 887 canalibus
778 860 850 899 per
875 850 1037 900 spatium
1062 849 1263 899 interrupti
1286 847 1422 887 ductus
1446 858 1528 884 rur-

135 919 201 945 sus
232 907 488 944 continuatur.
549 905 670 944 Porro
703 906 881 956 quoniam
910 906 996 944 fere
1022 917 1154 943 omnes
1183 916 1326 956 specus
1353 916 1425 955 per
1450 903 1527 955 pri-

135 969 310 1002 vatorum
348 973 465 1012 agros
505 961 643 1001 directi
685 967 814 1011 erant,
856 968 894 1001 et
933 962 1102 1000 difficilis
1139 960 1342 1000 videbatur
1377 960 1527 999 futurae

136 1020 335 1071 impensae
375 1019 646 1070 praeparatio,
692 1018 763 1056 nisi
793 1024 830 1056 et
861 1019 987 1069 aliqua
1016 1019 1108 1056 iuris
1138 1018 1411 1057 constitutione
1441 1028 1527 1055 suc-

137 1081 380 1124 curreretur,
413 1074 524 1113 simul
553 1086 602 1112 ne
623 1086 787 1113 accessu
809 1075 856 1113 ad
876 1075 1110 1114 reficiendos
1130 1076 1236 1114 rivos
1257 1074 1529 1125 redemptores

137 1145 158 1171 a
188 1131 487 1184 possessoribus
516 1130 836 1183 prohiberentur,
869 1137 1026 1170 senatus
1051 1131 1266 1171 consultum
1291 1131 1431 1170 factum
1454 1135 1527 1178 est,

140 1189 245 1241 quod
276 1187 439 1227 subieci.

255 1244 348 1284 125.
410 1253 538 1293 QUOD
583 1253 627 1291 Q.
667 1252 834 1283 AELIUS
878 1253 1092 1296 TUBERO,
1139 1252 1318 1284 PAULUS
1364 1252 1528 1282 FABIUS

23 1289 40 1357 β’]
67 1282 81 1312 ””
139 1309 351 1341 MAXIMUS
381 1310 505 1341 coss.
529 1310 626 1340 V.F.
649 1305 712 1340 DE
739 1309 884 1351 RIVIS,
915 1309 1132 1340 spncmns
1157 1308 1530 1347 FORNIGIBUSQUE

140 1366 324 1409 1UL1AE,
355 1365 583 1408 MARCIAE,
609 1366 798 1407 APPIAE,
824 1366 1059 1408 TEPULAE,
1084 1365 1529 1396 ANIOle-REEICIENa
1564 1340 1566 1356 l

139 1423 239 1464 DIS,
272 1421 854 1460 Q.D.E.R.F.P.D.E.R.1.c.
886 1422 984 1462 UTI,
1016 1421 1110 1452 CUM
1137 1421 1172 1451 11
1196 1422 1315 1463 RIVI,
1347 1420 1528 1460 SPECUS,

140 1478 399 1520 FORNICES,
451 1477 570 1516 QUOS
614 1477 853 1508 AUGUSTUS
899 1477 1077 1508 CAESAR
1122 1477 1174 1507 SE
1219 1477 1529 1507 REEECTURUM

141 1534 344 1566 IMPENSA
373 1534 460 1566 SUA
489 1533 764 1565 POLLICITUS
800 1534 999 1564 SENATUI
1027 1533 1134 1576 EST,
1164 1533 1540 1574 REFICERENTUR,.

141 1593 204 1622 Ex
239 1591 376 1622 AGRIS
414 1590 716 1621 PRIVATORUM
753 1591 925 1632 TERRA,
970 1589 1134 1633 LIMUS‚
1172 1589 1329 1633 LAPIS,
1369 1589 1529 1631 TESTA,

142 1648 319 1691 ARENA‚
359 1647 506 1678 LIGNA
538 1646 833 1689 CETERAQUE‚
871 1646 1038 1685 QUIBUS
1069 1646 1133 1676 AD
1165 1646 1263 1677 EAM
1290 1645 1387 1676 REM
1415 1645 1529 1676 OPUS

142 1704 304 1746 ESSET,
350 1704 478 1734 UNDE
516 1703 734 1742 QUAEQUE
772 1703 933 1734 EORUM
971 1703 1180 1733 PROXIME
1217 1702 1321 1734 SINE
1350 1701 1530 1733 INIURIA

142 1758 446 1791 PRIVATORUM
473 1760 630 1802 TOLLI,
663 1760 790 1801 SUMI,
822 1759 1026 1790 PORTARI
1055 1759 1267 1802 POSSINT,
1299 1759 1397 1789 VIBI
1421 1757 1531 1789 BONI

142 1817 411 1847 ARBITRATU
440 1815 729 1857 AESTIMATA,
765 1815 1048 1859 DARENTUR,
1067 1815 1429 1858 TOLLERENTUR,
1460 1813 1532 1845 SU-

142 1873 415 1915 MERENTUR,
459 1872 888 1915 EXPORTARENTUR3
933 1873 991 1903 ET
1030 1873 1094 1902 AD
1131 1872 1216 1903 EAS
1254 1871 1339 1902 RES
1377 1869 1531 1902 OMNES

143 1928 488 1959 EXPORTANDAS
511 1929 765 1967 EARUMQUE
787 1929 945 1960 RERUM
966 1928 1350 1959 REFICIENDARUM
1371 1926 1530 1967 CAUSA,

145 1985 376 2024 QUOTIENS
417 1985 530 2015 OPUS
569 1985 732 2028 ESSET,
777 1986 865 2015 PER
903 1985 1056 2016 AGROS
1095 1984 1398 2016 PRIVATORUM
1426 1981 1529 2014 SINE

144 2042 323 2072 INIURIA
355 2041 515 2072 EORUM
545 2041 758 2083 ITINERA,
791 2041 936 2072 ACTUS
967 2042 1235 2084 PATERENT‚
1265 2038 1528 2071 DARENTUR.

262 2088 352 2127 126.
414 2088 644 2139 Plerumque
691 2095 816 2127 autem
861 2090 951 2128 vitia
997 2091 1169 2128 oriuntur
1213 2101 1271 2128 exvr
1309 2086 1530 2138 impotentia

146 2154 439 2198 possessorum,
473 2146 535 2194 qui
566 2146 736 2195 plurimis
762 2145 884 2184 modis
905 2147 1011 2184 rivos
1033 2146 1190 2185 violant.
1248 2143 1409 2182 Primum
1432 2144 1531 2181 enim

146 2203 292 2254 spatia,
330 2209 430 2252 quae
471 2202 573 2239 circa
613 2202 748 2240 ductus
787 2214 969 2252 aquarum
999 2215 1049 2241 ex
1074 2207 1230 2241 senatus
1261 2199 1438 2238 consulto
1467 2212 1532 2238 va·

149 2271 238 2298 care
268 2245 430 2306 debent,
462 2263 524 2295 aut
554 2257 739 2295 aediliciis
771 2264 833 2296 aut
861 2257 1063 2296 arboribus
1094 2261 1296 2307 occupant.
1355 2255 1532 2295 Arbores

145 2316 267 2364 magis
295 2319 459 2362 nocent,
491 2325 648 2364 quarum
679 2313 873 2352 radicibus
899 2321 936 2352 et
965 2312 1320 2352 concamerationes
1348 2318 1386 2351 et
1411 2312 1531 2351 latera

148 2371 360 2409 solvuntur.
406 2369 554 2409 Deinde
581 2369 767 2407 vicinales
790 2371 871 2408 vias
893 2376 1147 2420 agrestesque
1169 2380 1240 2420 per
1261 2369 1366 2419 ipsas
1389 2369 1531 2407 formas
