1566 2496
191 161 255 192 m:
282 159 437 200 AQUAE
465 158 695 191 nnc'rnms
723 157 857 190 umus
887 157 1047 189 ROMAE
1076 155 1230 188 mann.
1272 195 1274 197 ,
1321 145 1395 186 121

25 263 130 304 urbis
159 262 199 304 la
175 275 290 357 annsz
301 269 393 303 'tam
422 263 511 302 novi
540 273 652 315 qnam
671 268 850 311 veteres,
880 261 1057 313 plerique
1082 260 1195 299 binos
1214 259 1400 299 salientes

25 321 262 360 diversarum
313 331 471 371 quarum
499 325 755 370 acceperunt,
785 324 846 367 ut,
877 319 910 357 si
939 330 1052 357 casus
1081 317 1302 356 alterutram
1333 317 1399 354 im-

26 376 223 428 pedisset,
252 376 374 415 altera
402 375 619 414 sufficiente
643 386 720 413 non
746 374 1021 413 destitueretur
1049 386 1152 411 usus.

135 431 203 472 88.
261 433 386 471 Sentit
407 432 506 471 hanc
525 443 654 470 curam
673 430 922 482 Imperatoris
945 430 1102 481 piissimi
1121 428 1273 468 Nervae
1295 428 1399 468 Prin'-

26 488 124 540 cipis
159 488 219 527 sui
253 489 390 539 regina
427 494 466 526 et
501 487 650 527 domina
680 486 786 526 orbis
822 487 859 525 in
894 487 999 527 dies:
1042 492 1080 525 et
1108 486 1231 536 magis
1260 486 1402 524 sentiet

24 543 228 587 salubritas
247 544 420 584 eiusdem
439 550 621 583 aeternae
641 543 765 589 urbis,
794 549 907 582 aucto
929 542 1198 590 castellorum,
1223 553 1399 593 operum,

25 612 220 639 munerum
257 606 296 640 et
335 600 485 640 laeuum
517 610 688 639 numero.
747 598 832 638 Nec
865 599 988 638 minus
1017 599 1064 637 ad
1091 599 1263 649 privatos
1296 609 1400 637 com-

24 656 175 696 modum
199 668 250 695 ex
278 657 515 696 incremento
542 655 820 694 beneficiorum
851 656 934 694 eius
956 654 1195 694 diffunditur:
1227 654 1281 693 illi
1305 666 1400 705 quo-

26 724 122 764 qne,
164 712 230 763 qni
262 713 380 752 timidi
417 712 597 751 inlicitam
632 723 768 762 aquam
797 710 1012 757 ducebant,
1055 711 1184 750 securi
1221 723 1320 749 nunc
1350 722 1401 749 ex

27 767 224 806 beneficiis
251 767 437 807 fruuntur.
494 767 554 806 Ne
578 774 785 818 pereuntes
806 767 958 819 quidem
979 779 1101 819 aquae
1123 768 1274 806 otiosae
1290 772 1398 805 sunt:

27 823 101 863 alia
128 823 202 862 iam
230 823 492 863 munditiarum
518 823 658 865 facies:
698 824 829 874 purior
857 824 1033 874 spiritus:
1071 829 1109 862 et
1140 835 1281 862 causae
1310 834 1399 874 gra-

26 879 145 918 vim-is
172 879 296 930 coeli,
326 879 462 931 quibus
488 880 588 931 apud
614 885 771 917 veteres
798 879 905 917 urbis
931 879 1081 918 infamis
1103 884 1173 918 aer
1192 880 1282 928 fuit,
1314 885 1401 917 sunt

26 941 213 974 remotae.

138 990 227 1030 Non
251 991 438 1044 praeterit
462 1003 546 1041 me,
577 990 710 1030 deberi
739 991 851 1042 operi
878 1002 1003 1029 novae
1030 991 1267 1041 erogationis
1298 990 1399 1028 ordi-

27 1048 239 1090 nationem;
276 1047 347 1086 sed
382 1047 482 1086 haec
510 1059 594 1086 cum
625 1049 859 1086 incremento
889 1047 1195 1094 adiunxerimus,
1235 1046 1400 1096 intelligi

28 1109 204 1156 oportet,
234 1115 311 1142 non
340 1115 430 1141 esse
458 1115 504 1142 ea
535 1104 735 1155 ponenda,
765 1105 838 1142 nisi
867 1109 1126 1142 consummata
1154 1103 1307 1142 fuerint.

139 1159 205 1199 89.
265 1159 385 1208 Quid,
434 1160 536 1210 quod
572 1172 622 1198 ne
660 1159 735 1198 hoc
776 1160 998 1210 diligentiae
1034 1159 1242 1210 Principis,
1287 1170 1400 1210 quam

27 1217 306 1255 exactissimam
333 1214 480 1254 civibus
510 1217 588 1254 suis
619 1221 812 1267 praestat,
842 1215 1005 1264 sufficit,
1036 1228 1168 1266 parum
1196 1214 1400 1266 praesidiis

25 1284 72 1311 ac
104 1271 363 1323 voluptatibus
398 1272 539 1310 nostris
576 1271 786 1310 contulisse
815 1284 907 1310 sese
934 1272 1150 1320 credentis,
1189 1271 1292 1323 quod
1319 1277 1399 1309 tan·

24 1333 99 1369 tam
125 1329 276 1379 copiam
303 1327 466 1376 adiecit,
495 1328 568 1366 nisi
597 1339 682 1366 eam
705 1329 827 1379 ipsam
846 1328 1099 1366 sinceriorem
1120 1327 1399 1366 iucundiorem·

25 1395 101 1436 que
126 1382 268 1424 faciat?
326 1382 481 1435 Operae
508 1385 670 1435 pretium
698 1390 781 1433 est,
811 1385 869 1422 ire
895 1396 968 1435 per
995 1383 1164 1434 singula,
1200 1396 1271 1434 per
1299 1395 1400 1434 quae

25 1439 92 1478 ille
129 1440 369 1479 occurrendo
404 1440 505 1478 vitiis
541 1440 773 1491 quarundam
801 1441 991 1479 universis
1020 1440 1160 1478 adiecit
1185 1439 1397 1478 utilitatem.

26 1494 175 1534 Etenim
203 1496 355 1547 quando
384 1497 518 1535 civitas
545 1502 696 1547 nostra,
729 1508 814 1534 cum
842 1496 907 1534 vel
939 1497 1068 1546 exigui
1093 1495 1236 1534 imbres
1262 1508 1398 1547 super-

0 1557 231 1600 .venerant,
273 1563 351 1590 non
387 1551 624 1590 turbulentas
664 1552 897 1602 limosasque
937 1564 1057 1602 aquas
1098 1551 1257 1590 habuit?
1315 1551 1401 1590 Nec

27 1608 115 1658 quia
139 1607 215 1645 hoc
245 1608 435 1645 universis
459 1607 507 1645 ab
536 1608 685 1656 origine
711 1613 870 1645 naturae
896 1613 979 1656 est,
1010 1613 1073 1646 aut
1101 1609 1188 1658 quia
1218 1608 1316 1646 istud
1343 1608 1399 1645 in·

28 1661 267 1700 commodum
307 1663 449 1700 sentire
488 1662 655 1700 debeant
690 1668 783 1713 quot
820 1664 1019 1713 capiuntur
1047 1675 1097 1700 ex
1129 1663 1317 1705 fontibus:
1362 1664 1400 1701 in

30 1717 160 1768 primis
182 1716 325 1755 Marcia
353 1723 391 1755 et
418 1716 599 1765 Claudia,
634 1729 680 1756 ac
709 1717 903 1768 reliquae,
943 1731 1099 1770 quarum
1130 1718 1335 1769 splendor,
1378 1731 1399 1758 a

29 1772 156 1823 eapite
181 1772 352 1822 integer,
382 1773 474 1811 nihil
499 1779 563 1811 aut
589 1773 777 1812 minimum
803 1774 932 1825 pluvia
959 1776 1196 1826 inquinatur,
1226 1776 1260 1814 si
1284 1781 1399 1827 putea

30 1833 225 1866 exstructa
257 1834 295 1866 et
321 1827 474 1867 obiecta
505 1829 591 1867 sint.

142 1883 208 1922 90.
266 1883 376 1922 Duae
415 1896 538 1935 aquae
574 1883 736 1924 Anionis
773 1886 894 1924 minus
936 1893 1161 1937 permanent
1196 1886 1399 1938 limpidae;

28 1951 112 1978 nam
135 1945 329 1978 sumuntur
355 1952 406 1978 ex
434 1939 608 1989 flumine,
639 1953 686 1980 ac
714 1953 835 1992 saepe
866 1943 978 1980 etiam
1010 1954 1152 1982 sereno
1183 1943 1396 1982 turbantur:

28 1996 205 2047 qnoniam
241 1994 362 2044 Anio,
405 1997 576 2060 quamvis
614 1997 816 2048 purissimo
855 1998 1029 2037 defluens
1068 1999 1176 2048 lacu,
1221 1999 1401 2037 mollibus

27 2057 153 2090 tamen
181 2051 407 2090 cedentibus
433 2052 548 2103 ripis,
586 2053 710 2091 aufert
737 2053 899 2105 aliquid,
937 2066 1014 2105 quo
1043 2055 1237 2103 turbetur,
1278 2056 1400 2105 prius·

28 2118 140 2158 quam
168 2107 346 2146 deveniat
375 2108 412 2146 in
439 2110 564 2147 rivos:
595 2109 698 2160 quod
725 2110 1003 2149 incommodum
1029 2123 1105 2150 non
1125 2111 1249 2150 solum
1271 2110 1399 2148 hiber-

30 2162 88 2200 nis
115 2174 162 2202 ac
188 2164 339 2213 vernis,
370 2163 440 2202 sed
468 2165 625 2204 aestivis
649 2164 831 2204 imbribus
850 2167 1093 2217 sentit,an
1115 2173 1292 2217 tempore
1312 2177 1400 2216 gra-

30 2216 106 2255 tior
138 2231 319 2270 aquarum
360 2220 562 2258 sinceritas
602 2221 780 2270 exigitur.
850 2221 961 2274 (91.)
1020 2222 1069 2260 Ει
1105 2223 1205 2262 alter
1249 2221 1402 2271 quidem

33 2282 82 2310 ex
108 2271 188 2323 bis,
218 2275 255 2314 id
285 2281 344 2314 est
372 2275 472 2314 Anio
501 2275 647 2325 V,etus
679 2289 764 2315 cum
794 2277 991 2329 plerisque
1023 2278 1119 2316 libra
1149 2279 1197 2315 sit
1226 2276 1400 2325 inferior,

30 2327 305 2370 incommodum
332 2332 430 2371 intra
458 2344 503 2370 se
531 2337 649 2371 tenet.
708 2331 842 2372 Novus
873 2340 998 2372 autem
1023 2334 1122 2372 Anio
1156 2331 1314 2371 vitiabat
1338 2344 1402 2371 ce·
