1566 2496
164 95 217 135 96
609 107 709 145 sax.
741 108 857 139 1cL11
882 108 1105 140 monum

164 213 276 254 dibus
316 213 453 262 innixi,
487 212 682 265 prioribus
715 214 926 262 adlevatis,
961 213 1048 253 dum
1085 214 1297 254 naturalem
1335 214 1546 256 adsistendi

163 271 346 322 adpetunt
373 269 714 318 consuetudinem,
743 270 790 309 ad
824 270 1006 309 sudorem
1027 282 1150 323 usque
1179 283 1291 311 crura
1317 271 1516 311 iactarent.

278 327 343 366 35.
398 325 449 364 M.
479 324 600 377 Cato,
640 325 914 378 pollicentibus
951 326 1126 366 barbaris
1156 327 1277 366 duces
1301 327 1475 366 itinerum
1506 333 1546 367 et

163 385 322 435 insuper
346 383 598 435 praesidium,
631 384 664 421 si
692 395 829 433 magna
865 394 1010 422 summa
1037 384 1094 422 eis
1125 384 1432 435 promitteretur,
1467 396 1544 424 non

161 440 346 479 dubitavit
383 439 584 491 polliceri,
622 440 708 490 quia
747 445 809 478 aut
842 439 1054 479 victoribus
1085 452 1135 479 ex
1170 440 1308 491 spoliis
1339 440 1545 480 hostilibus

162 503 318 549 poterat
352 496 467 546 dare,
501 501 576 544 aut,
608 495 824 535 interfectis
852 496 918 545 iis,
952 495 1226 535 exsolvebatur
1251 497 1456 547 promiss0.

276 553 342 593 36.
403 552 449 600 Q.
476 551 662 591 Maximus
691 552 936 602 transfugere
969 552 1016 591 ad
1044 552 1176 592 hostes
1202 552 1397 592 volentem
1427 554 1540 593 Stati-

161 609 274 660 lium,
301 609 470 648 nobilem
492 608 621 648 clarae
639 621 785 660 operae
803 609 990 659 equitem,
1011 609 1143 647 vocari
1165 608 1212 647 ad
1233 621 1277 647 se
1299 610 1407 648 iussit
1428 611 1544 661 eique

162 667 385 716 excusavit,
421 665 524 717 quod
566 666 706 704 invidia
745 664 1039 703 commilitonum
1079 665 1242 703 virtutes
1279 665 1383 704 illius
1419 666 1468 705 ad
1505 667 1543 705 id

159 729 311 774 tempus
348 724 590 773 ignorasset:
631 728 708 760 tum
750 721 890 760 donato
925 722 961 760 ei
997 731 1119 771 equ0,
1157 721 1360 772 pecuniam
1385 722 1544 773 insuper

160 779 321 830 largitus
361 778 543 826 obtinuit,
581 783 643 827 ut,
687 790 800 829 quem
838 790 888 816 ex
919 778 1154 816 conscientia
1186 777 1376 829 trepidum
1409 790 1541 817 arces-

160 837 304 885 sierat,
337 835 478 874 laetum
509 834 717 873 dimitteret
744 840 782 872 et
813 846 862 872 ex
891 833 1006 873 dubio
1036 833 1074 872 in
1095 833 1284 885 reliquum
1308 846 1385 873 non
1416 835 1541 874 minus

159 892 317 932 fidelem
349 904 462 943 quam
491 891 633 930 fortem
663 890 825 929 haberet
853 891 1030 942 equitem.

274 949 340 989 37.
398 947 619 998 Philippus,
644 959 727 986 cum
759 946 929 986 audisset
950 946 1143 996 Pythiam,
1175 946 1376 998 quemdam
1400 946 1543 986 honum

159 1011 436 1058 pugnatorem,
468 1004 672 1042 alienatum
702 1003 795 1053 sihi,
827 1002 928 1054 quod
954 1009 1033 1041 tres
1055 1002 1153 1042 filias
1180 1004 1292 1055 inops
1321 1004 1386 1042 vix
1416 1003 1544 1043 aleret

159 1075 234 1102 nec
261 1074 281 1100 a
312 1073 407 1112 rege
434 1060 701 1109 adiuvaretur,
733 1058 974 1098 monentibus
1000 1058 1245 1110 quibusdam,
1276 1061 1331 1099 uti
1360 1071 1446 1098 eum
1477 1072 1540 1111 ca·

158 1124 293 1165 veret,
325 1115 452 1166 Quid?
488 1118 534 1166 si,
566 1117 708 1168 inquit,
750 1122 897 1168 partem
933 1115 1110 1166 corporis
1148 1127 1302 1166 aegram
1340 1115 1540 1165 haberem,

160 1175 405 1215 absciderem
434 1174 560 1225 potius
590 1185 700 1224 quarn
733 1169 933 1212 curarem?
986 1171 1136 1210 Deinde
1156 1171 1393 1210 familiariter
1418 1172 1466 1212 ad
1496 1185 1541 1211 se

162 1232 331 1271 elicitum
368 1236 525 1269 secreto
562 1229 756 1279 Pythiam,
801 1234 963 1279 accepta
1002 1227 1226 1267 difficultate
1265 1228 1540 1267 necessitatum

161 1288 478 1335 domesticarum,
515 1286 678 1337 pecunia
711 1285 906 1327 instruxit;
946 1295 992 1322 ac
1021 1283 1220 1322 meliorem
1247 1283 1540 1336 fidelioremque

158 1344 310 1391 habuit,
346 1354 458 1394 quam
485 1341 690 1390 habuerat,
720 1347 922 1391 antequam
953 1339 1180 1379 offenderet.

275 1399 340 1439 38.
397 1398 440 1437 T.
468 1397 667 1445 Quinctius
691 1395 888 1447 Crispinus
908 1401 996 1447 post
1012 1395 1213 1435 infaustam
1236 1396 1422 1436 adversus
1441 1396 1539 1436 Poe-

98 1482 100 1485 ·
159 1468 231 1495 nos
273 1455 576 1502 dimicationem,
613 1465 686 1505 qua
724 1452 916 1502 collegam
953 1450 1179 1491 Marcellum
1217 1453 1418 1503 amiserat,
1454 1465 1539 1492 cum

162 1513 420 1564 comperisset
458 1511 619 1562 potitum
658 1508 795 1547 annulo
843 1508 1037 1547 interfecti
1074 1507 1344 1558 Hannibalem,
1390 1509 1541 1549 litteras

162 1571 267 1609 circa
305 1568 509 1619 municipia
537 1567 653 1606 totius
681 1564 813 1604 Italiae
843 1564 1003 1614 dimisit,
1031 1576 1079 1603 ne
1111 1564 1316 1604 crederent
1346 1565 1540 1616 epistolis,

161 1628 193 1665 si
234 1638 332 1677 quae
362 1623 539 1664 Marcelli
579 1621 716 1661 annulo
748 1621 974 1672 obsignatae
1017 1620 1300 1672 perfert-cutum
1330 1622 1539 1669 monitione

163 1687 420 1731 consecutus,
451 1686 491 1719 ut
518 1679 674 1731 Salapia
697 1683 735 1716 et
765 1678 864 1717 aliae
885 1677 1001 1716 urbes
1026 1677 1166 1716 frustra
1188 1676 1409 1717 Hannibalis
1439 1677 1539 1717 dolis

159 1744 410 1778 tentarentur.
1399 1765 1402 1767 ,

276 1794 343 1835 39.
404 1794 497 1832 Post
528 1792 767 1832 Cannensem
806 1790 955 1830 cladem
982 1789 1174 1842 perculsis
1202 1790 1253 1829 ita
1283 1789 1540 1829 Romanorum

161 1852 317 1900 animis,
351 1857 388 1889 ut
422 1862 510 1902 pars
537 1860 672 1899 magna
692 1847 939 1898 reliquiarum
961 1845 1212 1885 nobilissimis
1230 1845 1449 1885 auctoribus
1473 1846 1539 1885 de-

161 1907 352 1947 serendae
381 1906 515 1945 Italiae
538 1906 649 1944 iniret
677 1903 899 1952 consilium,
929 1902 970 1942 Ρ.
991 1903 1123 1953 Scipio
1148 1902 1380 1942 adolescens
1408 1902 1537 1941 admo-

162 1964 274 2012 dum,
300 1964 442 2013 impetu
470 1962 596 2011 facto,
615 1962 658 1999 ⁴in
686 1972 732 1999 eo
763 1961 849 2011 ipso
879 1960 915 1997 in
941 1970 1016 2010 quo
1044 1958 1134 1997 talia
1156 1957 1397 2009 agitabantur
1424 1961 1537 1996 coetu

162 2019 440 2073 pronuntiavit,
461 2030 571 2057 manu
594 2030 636 2056 se
659 2029 725 2055 sua
745 2015 1057 2062 interfecturum,
1086 2014 1158 2052 nisi
1179 2016 1241 2066 qui
1262 2016 1438 2061 iurasset,
1461 2023 1538 2050 non

164 2089 254 2116 esse
284 2074 358 2114 sibi
382 2081 547 2112 mentem
569 2072 835 2113 destituendae
862 2070 1316 2123 reipublicaez'cumque
1344 2070 1429 2119 ipse
1461 2069 1536 2120 pri·

163 2145 247 2172 mus
286 2144 330 2170 se
360 2130 548 2180 religione
581 2129 646 2168 tali
684 2129 917 2178 obligasset,
958 2128 1092 2166 stricto
1125 2125 1255 2180 gladio
1280 2129 1441 2163 mortem
1470 2125 1535 2163 uni

165 2202 214 2229 ex
250 2187 432 2241 proximis
461 2187 643 2234 minatus,
671 2186 741 2223 nisi
768 2185 965 2235 acciperet
993 2187 1290 2229 sacramentum,
1322 2180 1427 2220 illum
1456 2193 1534 2219 me-

163 2253 223 2295 tu,
255 2251 410 2284 ceteros
440 2243 552 2281 etiam
581 2241 760 2291 exemplo
792 2240 922 2290 coegit
952 2239 998 2278 ad
1026 2237 1230 2277 iurandum.
1278 2236 1286 2243 “

274 2303 340 2341 40.
399 2298 629 2337 Volscorum
670 2303 794 2335 castra
829 2308 911 2335 cum
942 2306 1066 2347 prope
1100 2305 1120 2332 a
1155 2291 1329 2343 virgultis
1359 2293 1533 2344 silvaque
