1566 2496
1389 134 1408 153 Γ

290 120 743 180 ετιιᾸτιέθιιιιᾸιιιοοιι
772 143 944 185 man.
981 143 1082 175 cu.
1113 143 1157 175 v.
1261 175 1270 180 ,
1307 183 1312 186 V
1359 133 1413 172 40

26 253 150 292 -stium
178 256 326 300 eastra,
354 250 547 302 Syphacis
567 256 606 289 et
631 248 1021 300 Carthaginiensium,
1053 247 1184 291 statuit
1207 245 1413 298 Syphacis,

36 307 104 348 ubi
129 307 247 347 multa
281 307 468 346 incendiis
501 307 679 345 alimenta
706 312 838 354 erant,
877 304 1038 356 adgredi
1068 309 1184 343 nocte
1210 304 1416 355 ignemque

37 364 207 413 inicere,
240 368 285 402 nt
318 375 365 402 ea
394 375 438 401 re
467 362 647 402 Numidas
681 362 835 415 quidem
864 373 916 400 ex
946 361 1025 399 suis
1056 361 1194 398 castris
1222 359 1416 411 trepidan-

0 433 2 437 ’
35 427 98 459 tes
127 419 334 468 caederet,
374 418 527 458 Poenos
558 425 705 466 autem,
745 429 842 470 quos
876 423 1022 456 certum
1058 422 1142 454 erat
1181 415 1236 454 ad*
1258 427 1416 454 succur-

34 476 191 515 rendum
213 477 332 514 sociis
351 468 623 527 procursuros,
643 474 789 513 insidiis
807 474 1003 526 dispositis
1020 473 1236 524 exciperet.
1267 471 1416 511 Utrum-

36 544 113 584 que
136 541 187 571 ex
215 532 405 571 sententia
431 532 467 570 ei
490 532 627 570 cessit:
660 542 745 569 nam
770 536 960 582 tamquam
987 530 1034 569 ad
1058 529 1255 567 fortuitum
1285 529 1414 567 incen-

37 589 137 628 dium
166 589 249 626 sine
278 588 393 627 armis
416 590 693 639 procurrentes
724 586 882 625 adortus
911 585 1064 624 cecidit.

148 643 216 683 30.
274 642 533 691 Mithridates
562 655 582 682 a
603 643 763 682 Lucullo
787 643 927 681 virtute
945 641 1174 692 frequenter
1182 647 1414 707 superatuS,

35 699 196 747 insidiis
202 711 288 738 eum
308 700 490 750 adpetiit
522 698 735 738 Olcabante
759 698 923 751 quodam
948 699 1139 736 eminente
1158 684 1304 736 mribus
1327 697 1415 735 sub·
1445 710 1451 716 ·

38 761 196 804 ornato,
231 762 273 794 ut
299 756 559 806 transfugeret
585 761 644 804 et,
675 755 749 794 fide
779 761 886 806 parta
914 755 1059 804 hostis,
1099 754 1247 792 facinus
1273 766 1415 805 perpe-

36 816 169 851 traret.
242 810 356 859 Quod
394 812 427 848 is
447 788 618 849 Ostrenue
660 811 812 862 quidem
850 811 919 849 sed
960 810 1043 848 sine
1083 816 1223 849 eventu
1255 816 1414 848 conatus

37 874 111 907 est.
170 866 370 918 Receptus
400 867 498 904 enim
529 878 549 904 a
577 866 736 904 Lucullo
765 868 801 904 in
824 879 986 917 gregem
1011 867 1199 918 equitum,
1229 878 1307 904 non
1331 867 1414 904 sine

36 924 150 962 tacita
181 922 355 961 custodia
380 922 530 960 habitus
557 928 642 969 est;
673 923 759 973 qnia
780 935 852 960 nec
882 923 987 961 credi
1016 922 1143 960 subito
1174 922 1413 972 transfugae,

36 991 111 1018 nec
138 978 300 1017 inhiberi
329 978 502 1030 reliquos
530 978 748 1029 oportebat.
809 977 903 1016 Cum
934 978 1023 1017 dein
1046 978 1314 1029 frequentibus
1346 990 1413 1016 ex-

37 1034 277 1076 cursionibus
307 1040 520 1086 promptam
550 1040 588 1072 et
618 1036 767 1072 enixam
798 1046 955 1085 operam
987 1033 1211 1083 exhiberet,
1245 1034 1321 1073 fide
1349 1034 1415 1072 ad-

37 1091 175 1144 quisita
202 1097 354 1142 tempus
394 1090 536 1140 elegit,
575 1102 651 1141 quo
681 1091 795 1128 m'issa
824 1091 1010 1141 principia
1041 1091 1210 1140 quietem
1240 1089 1413 1129 omnibus

23 1146 298 1187 ,castrensibus
327 1146 467 1185 dabant
495 1148 805 1197 praetoriumque
826 1148 1015 1185 secretius
1039 1146 1300 1197 praestabant.
1340 1144 1413 1184 Ca-

36 1215 102 1243 sus
138 1198 281 1242 adiuvit
308 1202 516 1255 Lucullum.
576 1202 671 1240 Nam
701 1203 766 1253 qui
800 1203 847 1241 ad
876 1203 1098 1252 vigilantem
1126 1214 1251 1254 usque
1281 1203 1412 1241 admit-

35 1254 204 1308 teretur,
233 1259 428 1309 fatigatum
458 1259 653 1296 nocturnis
680 1258 978 1308 cogitationibus
1003 1259 1071 1297 illo
1101 1265 1278 1309 tempore
1296 1260 1412 1310 quie-

34 1321 206 1354 scentem
236 1316 390 1353 invenit.
452 1313 546 1352 Cum
573 1314 733 1363 deinde,
765 1321 952 1367 tamquam
981 1316 1216 1353 nuntiaturus
1248 1314 1411 1353 subitum

34 1371 178 1422 aliquid
196 1383 242 1410 ac
262 1372 547 1411 necessarium.
577 1372 717 1409 intrare
737 1371 882 1419 vellet,
911 1371 982 1410 sed
1010 1371 1260 1423 pertinaciter
1280 1383 1301 1410 a
1329 1383 1409 1409 ser—

32 1428 92 1466 vis
122 1427 327 1466 valetudini
350 1427 498 1465 domini
528 1412 816 1465 consulentibus
845 1427 1139 1475 excluderetur,
1170 1428 1330 1468 veritus.
1362 1440 1411 1466 ne

35 1489 240 1534 suspectus
278 1489 407 1532 esset,
441 1484 573 1534 equis,
610 1495 708 1533 quos
748 1490 834 1521 ante
865 1490 1013 1534 portam
1042 1490 1200 1550 paratos
1229 1472 1410 1533 habebat,

35 1539 82 1578 ad
108 1538 363 1578 Mithridatem
385 1539 527 1589 refugit
556 1540 703 1577 inritus.
736 1571 738 1573 a

45 1592 53 1596 ”
147 1594 214 1634 31.
273 1595 468 1633 Sertorius
504 1596 542 1633 in
569 1594 772 1645 Hispania,
805 1607 888 1632 cum
926 1594 1027 1645 apud
1056 1593 1268 1634 Lauronem
1298 1596 1410 1647 oppi-

35 1645 121 1688 dum
157 1650 282 1688 vicina
312 1656 438 1688 castra
468 1650 640 1701 Pompeii
677 1651 813 1688 castris
842 1649 1024 1699 haberet,
1065 1656 1103 1688 et
1132 1651 1230 1689 duae
1252 1657 1410 1690 tantum·

35 1705 151 1749 modo
179 1706 363 1755 regiones
394 1711 544 1751 essent,
584 1718 633 1743 ex
660 1705 795 1756 quibus
822 1705 1003 1757 pabulum
1038 1707 1119 1757 peti
1149 1713 1306 1758 posset,
1337 1720 1411 1746 una

36 1761 72 1798 in
106 1761 344 1811 propinquo,
376 1761 495 1799 altera
535 1761 688 1810 longius
723 1763 817 1810 sita,
857 1773 941 1800 eam
978 1774 1077 1813 quae
1116 1764 1152 1800 in
1192 1765 1411 1815 propinquo

36 1821 118 1855 erat
146 1815 306 1854 subinde
337 1816 383 1854 ab
406 1817 483 1854 levi
509 1822 695 1855 armatura
725 1817 917 1866 infestari,
947 1818 1170 1857 ulteriorem
1191 1826 1318 1859 autem
1344 1832 1410 1858 ve-

33 1872 103 1910 tuit
131 1871 180 1910 ab
206 1871 287 1910 ullo
314 1878 458 1910 armato
489 1872 605 1919 adiri,
636 1872 761 1911 donec
795 1876 986 1924 persuasit
1015 1875 1271 1925 adversariis,
1296 1877 1410 1915 tutio-

34 1939 115 1966 rem
141 1939 231 1965 esse
251 1939 348 1978 quae
370 1934 452 1966 erat
475 1929 683 1966 remotior:
713 1940 824 1980 quam
848 1941 932 1968 cum
948 1931 1151 1981 petiissent
1171 1931 1408 1983 Pompeiani,

34 1982 232 2022 Octavium
262 1983 488 2022 Graecinum
525 1996 607 2022 cum
646 1984 782 2023 decem
819 1986 1065 2025 cohortibus
1069 1988 1118 2025 in
1155 1999 1301 2026 morem
1330 1988 1408 2026 Ro·

0 2091 5 2094 >
32 2050 228 2078 manorum
259 2040 412 2078 armatis
450 2045 490 2078 et
520 2039 656 2078 decem
687 2039 942 2092 Hispanorum
971 2042 1070 2080 levis
1101 2051 1339 2108 armaturae,
1372 2050 1410 2081 et

32 2094 266 2146 Tarquitium
295 2095 467 2134 Priscum
489 2107 574 2134 cum
594 2095 744 2134 duobus
772 2097 923 2136 milibus
953 2100 1121 2149 equitum
1147 2112 1204 2137 ire
1236 2100 1340 2137 iubet
1363 2099 1409 2137 ad

29 2151 187 2190 insidias
220 2151 432 2190 tendendas
476 2151 776 2216 pabulatoribus.
836 2152 896 2192 llii
934 2159 1091 2194 strenue
1129 2156 1316 2206 imperata
1353 2155 1408 2193 fa·

33 2207 155 2245 ciunt:
194 2207 397 2258 explorata
429 2208 527 2246 enim
557 2207 730 2246 locorum
760 2214 915 2259 natura,
946 2211 984 2248 in
1008 2211 1134 2249 vicina
1164 2211 1261 2248 silva
1291 2215 1407 2248 nocte

33 2262 250 2312 praedictas
286 2264 419 2314 copias
454 2263 721 2302 abscondunt
734 2265 813 2313 ita,
844 2271 884 2304 ut
918 2266 955 2304 in
987 2267 1108 2317 prima
1148 2271 1258 2317 parte
1298 2265 1407 2304 leves

31 2315 243 2369 Hispanos,
280 2320 498 2370 aptissimos
542 2319 589 2358 ad
627 2319 724 2358 furta
769 2319 980 2371 bellorum,
1017 2327 1231 2372 ponerent,
1273 2321 1404 2372 paullo
