1566 2496
39 138 485 174 flmmeum-neon
508 139 602 170 mn.
621 139 671 170 11.
693 137 1036 170 cAP.xn—-·1,113.
1056 137 1125 168 111.
1138 136 1302 168 PRAEF.
1354 127 1410 167 59

40 243 125 292 Qua
145 243 398 296 persuasione
413 241 600 294 digressis
621 242 710 281 inde
724 241 888 292 Parthis,
908 243 1054 283 ,iustum
1079 243 1153 281 iter
1175 241 1327 292 reliquo
1349 239 1412 279 die

42 302 125 339 sine
154 299 464 350 interpellatione
496 299 677 338 coniecit.

154 354 192 395 8.
250 354 470 407 Philippus,
508 355 546 393 in
574 353 694 406 Epiro
721 354 866 403 victus,
903 367 951 393 ne
986 354 1197 405 fugientem
1224 364 1310 391 eum
1335 350 1413 390 Ro-

40 413 140 452 mani
164 418 408 463 premerent,
443 410 614 450 inducias
642 410 688 449 ad
714 410 963 461 sepeliendos
984 412 1048 462 qui
1078 410 1184 450 caesi
1213 413 1323 447 erant
1347 407 1413 466 im-

43 469 234 520 petruvit,
265 474 304 506 et
331 467 381 506 ob
411 467 450 507 id
474 465 760 505 remissioribus
791 466 1016 505 custodibus
1045 468 1182 506 evasit.

153 523 192 564 9.
251 522 292 562 Ρ.
317 522 520 569 Claudius,
545 522 672 561 navali
697 522 850 574 proelio
871 529 1074 574 superatus
1094 535 1115 562 a
1137 521 1299 566 Poenis,
1331 531 1417 558 cum

43 593 115 632 per
149 579 316 618 hostium
348 578 542 631 praesidia
577 590 744 617 necesse
787 578 949 618 haberet
982 580 1209 630 erumpere,
1245 576 1416 627 reliquas

43 636 176 687 viginti
204 647 323 674 naves
352 641 542 686 tamquam
570 635 755 673 victrices
782 635 891 674 iussit
920 636 1066 678 ornari:
1093 641 1209 686 atque
1238 634 1290 672 ita
1318 632 1416 671 Poe-

45 692 127 743 nis,
160 691 459 730 existimantibus
493 691 718 743 superiores
750 690 871 730 fuisse
901 692 988 730 acie
1019 697 1199 740 nostros,
1235 688 1418 728 terribilis

47 747 230 786 excessit.

161 802 224 840 10.
283 801 402 840 Poeni
430 801 558 840 classe
585 802 776 853 superati,
807 803 895 854 quia
923 803 1124 842 instantem
1140 808 1319 841 avertere
1340 801 1418 839 Ro·

45 870 194 897 manum
223 857 450 906 studebant,
482 857 753 896 simulaverunt
778 859 817 896 in
841 858 939 897 vada
959 871 1078 898 naves
1103 871 1192 897 suas
1220 858 1419 905 incidisse,

45 914 330 964 haerentesque
368 914 498 951 imitati
530 913 763 962 effecerunt,
805 919 845 952 ut
874 915 998 953 victor
1029 926 1162 953 eorum
1190 915 1327 953 timens
1357 925 1418 952 ca-

0 991 1 994 =
48 983 131 1008 sum
158 970 320 1021 spatium
349 968 396 1007 ad
426 968 662 1008 evadendum
687 969 807 1008 daret.

163 1026 226 1064 11.
285 1023 477 1063 Commius
512 1024 703 1074 Atrebas,
746 1037 830 1064 eum
867 1026 991 1064 victus
1031 1037 1053 1065 a
1089 1025 1190 1064 Divo
1222 1024 1332 1064 'Iulio
1370 1037 1422 1063 ex

48 1081 171 1121 Gallia
207 1081 244 1119 in
272 1080 498 1120 Britanniam
534 1081 687 1131 fugeret
724 1087 763 1119 et
799 1081 900 1120 forte
939 1081 986 1120 ad
1015 1080 1209 1120 Oceanum
1247 1081 1420 1120 secundo

47 1144 163 1176 vento
194 1137 345 1188 quidem
377 1137 448 1176 sed
482 1143 591 1176 aestu
621 1137 832 1176 recedente
860 1138 1055 1187 venisset,
1097 1139 1267 1189 quamvis
1302 1149 1422 1176 naves

49 1195 87 1232 in
121 1194 235 1232 siccis
273 1192 448 1232 litoribus
485 1193 713 1241 haererent,
751 1193 865 1245 pandi
905 1194 1146 1232 nihilominus
1180 1194 1270 1233 vela
1300 1194 1421 1231 iussit.

49 1248 274 1296 Quae'cum
302 1261 543 1300 persequens
568 1262 653 1289 eum
680 1248 827 1288 Caesar
851 1262 902 1288 ex
936 1250 1146 1301 longinquo
1174 1251 1354 1289 tumentia
1385 1255 1425 1288 et

49 1305 138 1344 flatu
165 1304 280 1357 plena
307 1305 488 1355 vidisset,
514 1311 619 1345 ratus
648 1317 843 1358 prospero
868 1305 941 1345 sibi
970 1307 1067 1358 eripi
1084 1318 1213 1357 cursu,
1243 1306 1423 1348 recessit.

433 1552 553 1615 SEX.
588 1553 731 1616 ΠΜ]
758 1554 1025 1616 FRONTINI

159 1665 769 1713 STRATEGEMATICON
803 1667 986 1732 LIBER
1022 1667 1302 1717 TERTIUS.

526 1818 948 1864 PRAEFATIO.

166 1913 207 1952 Si
238 1914 388 1964 priores
407 1913 494 1952 libri
522 1914 804 1965 responderunt
826 1915 945 1954 titulis
965 1917 1044 1955 suis
1062 1922 1100 1955 et
1116 1916 1303 1955 lectorem
1331 1916 1423 1955 huc-

53 1981 175 2021 usque
215 1981 299 2007 cum
330 1969 549 2008 adtentione
578 1970 861 2021 perduxerunt,
899 1973 1009 2011 edam
1043 1985 1143 2012 nunc
1173 1974 1276 2012 circa
1302 1972 1423 2023 obpu-

52 2027 254 2076 gnationes
283 2025 432 2064 urbium
460 2025 785 2077 defensionesque
816 2033 1110 2078 strategemata;
1139 2041 1214 2067 nec
1243 2028 1425 2067 morabor

52 2081 131 2120 ulla
151 2081 463 2133 praelocutione,
491 2083 597 2132 prius
619 2081 824 2121 traditurus
854 2095 951 2134 quae
975 2084 1242 2136 obpugnandis
1268 2083 1424 2122 urbibus

54 2138 137 2175 usui
172 2143 276 2186 sunt,
315 2143 391 2175 tum
426 2149 525 2188 quae
563 2137 750 2178 obsessos
787 2139 975 2178 instruere
1005 2142 1166 2192 possint.
1223 2138 1424 2190 Depositis

55 2198 180 2231 autem
212 2192 396 2244 operibus
433 2199 472 2231 et
500 2193 833 2245 machinamentis,
872 2207 1032 2247 quorum
1060 2197 1217 2248 expleta
1245 2197 1318 2233 iam
1347 2194 1424 2244 pri-

26 2266 33 2271 ·
55 2246 140 2286 dem
158 2248 377 2287 inventione
405 2249 546 2288 nullam
572 2249 684 2288 video
703 2250 803 2289 ultra
825 2252 958 2290 artium
977 2254 1188 2301 materiam,
1218 2251 1288 2289 has
1321 2249 1426 2288 circa

56 2305 376 2355 expugnationem
404 2306 559 2358 species
590 2311 892 2357 stratagematon
920 2308 1096 2347 fecimus.
