1566 2496
209 193 271 224 DE
298 193 453 232 AQUAE
483 193 710 224 DUCTtBL'S
740 193 874 224 URBIS
904 193 1066 224 ROMAE
1096 193 1249 223 LIBER.
1340 185 1417 223 117

156 297 223 338 73.
280 297 381 336 Anio
421 295 553 336 Novus
595 297 633 335 in
679 297 960 336 commentariis
1004 297 1149 336 habere
1202 296 1418 348 ponebatur

44 354 235 405 quinarias
271 362 324 392 111
359 352 461 392 milia
499 361 684 392 cchxm.
743 351 900 391 Mensus
929 353 975 392 ad
1006 359 1119 405 caput
1148 353 1305 404 repperi
1335 354 1416 404 qui·

0 415 2 421 ¹
42 409 168 448 narias
206 417 256 448 lv
291 409 393 448 milia
430 417 728 448 Dccxxxvm:
773 409 955 460 amplius,
995 422 1106 461 quam
1140 410 1176 447 in
1215 409 1418 461 conceptis

42 465 397 504 commentariorum
437 471 516 514 est,
562 466 744 517 quinariis
780 473 1071 504 MCCCCLxxv.
1142 465 1308 514 Quarum
1353 464 1417 503 ad-

43 522 285 572 quisitionem
314 533 390 560 non
407 521 518 560 avide
537 533 597 559 me
618 521 819 573 amplecti,
850 533 924 573 quo
946 522 1021 560 alio
1045 523 1159 561 modo
1180 522 1418 560 manifestius

0 586 21 618 j
42 576 226 628 probem,
265 589 377 629 quam
406 578 509 629 quod
538 578 574 616 in
605 579 831 628 erogatione
858 579 1028 629 ipsorum
1059 579 1418 616 commentariorum

8 639 9 642 ’
41 633 162 672 maior
192 645 282 684 pars
312 645 441 672 earum
471 631 715 672 continetur?
774 633 991 684 Erogantur
1020 635 1119 673 enim
1148 635 1344 686 quinariae
1370 642 1419 672 IV

42 688 143 728 milia
178 697 255 733 cc;
302 701 387 728 cum
423 690 592 740 alioquin
629 691 665 728 in
705 690 851 728 eisdem
886 692 1167 729 commentariis
1205 691 1418 729 inveniatur

44 745 250 794 conceptio
277 756 353 783 non
382 745 562 796 amplius,
594 757 705 796 quam
727 755 781 784 111
802 746 943 785 milium
965 755 1151 786 CCLXIII.
1211 746 1418 785 Praeterea

44 799 220 850 intercipi
250 811 325 838 non
347 806 487 839 tantum
512 810 700 849 DXXVII,
730 813 828 852 quae
855 802 952 841 inter
977 815 1174 842 mensuras
1200 808 1351 841 nostras
1380 807 1418 840 et

45 855 309 906 erogationem
344 857 550 905 intersunt,
593 856 661 895 sed
692 857 810 907 longe
841 858 1066 909 ampliorem
1095 859 1247 898 modum
1278 858 1416 909 depre-

45 911 171 950 hendi.
231 910 292 950 Ex
324 923 400 963 quo
437 912 618 963 adparet,
659 914 772 952 etiam
802 914 1018 953 exuberare
1046 915 1365 966 comprehensam
1395 926 1417 953 a

45 967 157 1005 nobis
185 978 412 1006 mensuram.
472 967 588 1007 Cuius
622 969 679 1007 rei
709 970 805 1007 ratio
834 975 912 1020 est,
945 970 1047 1021 quod
1077 971 1133 1008 vis
1163 983 1287 1021 aquae
1307 982 1418 1021 rapa-

45 1023 150 1072 cior,
186 1029 226 1062 ut
255 1035 305 1062 ex
331 1023 442 1075 largo
473 1031 511 1063 et
541 1024 661 1063 celeri
690 1024 841 1063 flumine
874 1032 1061 1078 excepta,
1091 1026 1301 1065 velocitate
1332 1027 1416 1078 ipsa

44 1078 200 1131 ampliat
226 1079 392 1118 modum.

156 1135 223 1174 74.
281 1134 368 1174 Non
387 1135 539 1185 dubito,
564 1136 715 1188 aliquos
736 1137 1004 1186 adnotaturos,
1037 1137 1138 1188 quod
1160 1138 1276 1187 longe
1298 1138 1418 1176 maior

43 1190 157 1242 copia
184 1193 280 1231 actis
309 1193 497 1231 mensuris
521 1193 674 1231 inventa
702 1194 770 1241 sit,
802 1205 914 1245 quam
941 1195 978 1232 in
1008 1195 1289 1232 commentariis
1313 1193 1416 1232 Prin·

15 1292 26 1306 ο
44 1247 182 1298 cipum.
242 1245 359 1286 Cuius
389 1248 447 1287 rei
482 1260 598 1287 causa
627 1255 685 1287 est
711 1261 822 1287 error
848 1261 1001 1296 eorum,
1043 1250 1106 1300 qui
1135 1250 1182 1288 ab
1212 1250 1319 1288 initio
1350 1262 1416 1301 pa·

16 1307 17 1310 ’
42 1313 124 1341 rum
147 1302 355 1354 diligenter
381 1304 678 1356 uniuscuiusque
707 1305 883 1343 fecerunt
911 1306 1228 1344 aestimationem.
1289 1306 1346 1344 Ac
1368 1318 1416 1344 ue

8 1408 10 1410 Ι
42 1363 144 1397 metu
181 1360 337 1398 aestatis
375 1366 439 1398 aut
474 1361 684 1399 siccitatum
710 1361 747 1399 in
775 1367 916 1400 tantum
946 1374 967 1400 a
991 1364 1154 1400 veritate
1185 1373 1255 1401 eos
1286 1374 1416 1400 reces-

44 1414 143 1453 sisse
172 1415 347 1465 credam,
378 1415 524 1465 obstat,
558 1417 681 1468 quod,
713 1418 799 1468 ipso
821 1419 916 1456 actis
940 1418 1127 1456 mensuris
1148 1417 1245 1456 Iulio
1268 1430 1416 1467 mense,

43 1469 140 1509 banc
183 1472 480 1523 uniuscuiusque
516 1473 690 1524 copiam,
735 1485 834 1524 quae
872 1486 987 1525 supra
1021 1474 1165 1525 scripta
1211 1478 1294 1523 est,
1335 1480 1416 1513 tota

44 1525 229 1578 deinceps
256 1534 402 1566 aestate
424 1528 621 1567 durantem
647 1529 861 1579 exploravi.
922 1529 1185 1581 Quaecunque
1210 1536 1334 1568 tamen
1356 1536 1417 1568 est

45 1592 182 1630 causa,
222 1595 320 1634 quae
353 1584 574 1634 praecedit,
614 1584 706 1623 illud
735 1586 865 1635 utique
898 1585 1112 1635 detegitur,
1152 1586 1287 1624 decem
1314 1586 1418 1624 milia

44 1637 296 1688 quinariarum
326 1639 587 1683 intercidisse;
623 1640 711 1677 dum
739 1640 928 1678 beneficia
958 1653 1026 1679 sua
1053 1641 1249 1692 Principes
1278 1654 1416 1680 secun-

46 1693 133 1731 dum
158 1692 310 1731 modum
338 1694 374 1731 in
405 1695 684 1733 commentariis
709 1695 940 1747 adscriptum
970 1702 1197 1748 temperant.

158 1747 224 1786 75.
284 1748 460 1799 Sequens
490 1749 693 1788 diversitas
725 1756 803 1799 est,
836 1752 938 1803 quod
967 1752 1062 1790 alius
1089 1753 1223 1791 modus
1248 1753 1418 1804 concipi-

47 1807 108 1840 tur
143 1801 190 1840 ad
226 1804 369 1854 capita,
410 1804 506 1842 alius
544 1817 617 1843 nec
644 1806 787 1856 exiguo
817 1808 939 1846 minor
963 1809 1000 1846 in
1027 1809 1205 1859 piscinis,
1243 1810 1415 1847 minimus

47 1857 186 1896 deinde
223 1858 488 1898 distributione
526 1861 752 1900 continetur.
820 1861 936 1902 Cuius
971 1865 1028 1902 rei
1064 1876 1180 1903 causa
1218 1871 1279 1903 est
1311 1865 1416 1904 fraus

44 1914 304 1964 aquariorum,
348 1927 445 1966 quos
482 1927 602 1967 aquas
640 1929 690 1955 ex
721 1918 896 1956 ductibus
923 1919 1088 1970 publicis
1118 1921 1154 1958 in
1183 1921 1416 1972 privatorum

45 1980 137 2008 usus
169 1969 344 2008 derivare
372 1971 706 2022 deprehendimus.
765 1974 843 2012 Sed
869 1980 907 2013 et
930 1975 1106 2027 plerique
1130 1988 1415 2027 possessorum,

45 2036 69 2063 e
98 2035 256 2076 quorum
287 2027 389 2076 agris
418 2038 516 2077 aqua
548 2028 861 2078 circumducitur,
893 2031 1052 2070 subinde
1079 2032 1222 2071 formas
1247 2034 1414 2071 rivorum

15 2080 260 2134 ,perforann
291 2082 392 2121 unde
421 2082 483 2131 fit,
513 2089 554 2122 ut
582 2083 718 2123 ductus
744 2084 887 2136 publici
914 2086 1128 2126 hominibus
1161 2089 1319 2140 privatis
1348 2088 1413 2126 vel

45 2135 93 2174 ad
120 2136 315 2176 hortorum
339 2150 448 2176 usum
477 2139 612 2179 itinera
635 2140 882 2192 suspendant.

158 2193 224 2232 76.
283 2193 343 2233 Ac
383 2194 431 2233 de
468 2195 570 2234 vitiis
604 2196 790 2235 eiusmodi
825 2209 900 2236 nec
933 2197 1043 2249 plura
1071 2211 1144 2238 nec
1174 2198 1309 2237 melius
1339 2198 1414 2236 dici

49 2254 226 2298 possunt,
255 2261 366 2301 quam
390 2263 411 2290 a
443 2249 578 2290 Caelio
606 2251 706 2290 Ruso
735 2252 836 2292 dicta
864 2259 950 2292 suut
977 2255 1014 2293 in
1043 2267 1089 2294 ea
1113 2255 1321 2301 concione,
1353 2254 1414 2292 cui

49 2301 177 2340 titulus
214 2311 271 2344 est
298 2315 360 2344 DE
390 2315 540 2354 AQUIS.
601 2306 709 2355 Quae
739 2320 838 2348 nunc
867 2320 939 2348 nos
966 2312 1089 2349 omnia
1120 2309 1232 2348 simili
1262 2309 1417 2347 licentia

50 2364 248 2410 usurpata,
298 2363 434 2401 utinam
476 2374 550 2402 non
587 2375 659 2415 per
696 2364 886 2415 offensas,
931 2366 1202 2417 probaremus:
1249 2365 1415 2414 irriguos
