1566 2496
207 145 656 203 s'rlurnmamxncox
684 145 775 176 Lm.
805 145 874 176 111.
916 144 1016 177 car.
1045 144 1212 177 1v—VI.
1342 136 1396 176 65

30 257 113 301 tes,
142 251 208 303 qui
234 256 309 290 tam
336 248 590 290 detestabiles
613 249 748 302 epulas
777 249 1019 288 sustinuisset
1049 249 1243 301 experiri,
1274 250 1312 289 in
1335 250 1400 290 de-

32 307 214 348 ditionem
238 311 438 348 venerunt.

142 361 181 402 2.
239 361 296 401 Ti.
329 360 545 409 Gracchus,
583 359 770 400 Lusitanis
809 359 1024 400 dicentibus
1055 361 1091 399 in
1117 361 1255 400 decem
1280 373 1401 401 annos

32 419 175 459 cibaria
203 430 249 458 se
275 417 421 457 habere
451 423 490 456 et
519 416 608 455 ideo
638 416 876 456 obsidionem
902 427 980 455 non
1009 429 1291 468 expavescere,
1324 418 1400 457 Un-

32 475 205 524 decimo,
234 475 375 525 inquit,
406 484 504 512 anno
530 484 601 511 vos
626 474 786 524 capiam.
846 472 931 521 Qua
954 484 1055 511 voce
1084 475 1277 525 perterriti
1295 473 1400 513 Lusi-

33 531 132 580 tani,
161 541 385 582 quamquam
407 529 580 568 instructi
608 528 905 578 commeatibus,
937 530 1061 567 statim
1090 542 1133 567 se
1161 529 1401 569 dediderunt.
1426 556 1430 558 -

144 586 182 626 3.
241 586 289 625 A.
318 584 514 637 Torquato
546 584 732 624 Graecam
760 584 895 623 urbem
920 583 1157 636 obpugnanti
1184 598 1268 624 cum
1297 587 1402 626 dice·

31 649 158 691 retur,
194 642 428 680 iuventutem
465 640 516 679 ibi
559 641 730 680 studiose
770 641 903 680 iaculis
944 646 982 679 et
1020 642 1170 691 sagittis
1209 644 1402 693 exerceri,

34 697 157 737 Pluris
187 710 296 747 eam,
327 697 467 748 inquit,
496 697 723 748 propediem
755 696 928 748 vendam.

561 805 590 845 C
603 807 635 844 A
646 807 673 845 Ρ
683 807 715 845 U
725 807 754 845 T
794 807 827 845 v
837 806 867 847 Ι.

163 896 225 926 DE
254 893 607 926 nns‘rnnc'rlom:
643 893 988 924 PRAEsmmmm
1015 894 1284 927 flos'nan.

151 978 187 1016 1.
246 977 400 1029 Scipio,
438 974 649 1015 Hannibale
686 975 724 1012 in
754 972 923 1012 Africam
956 986 1140 1023 reverso,
1182 987 1266 1014 cum
1298 977 1406 1028 plura

7 1060 9 1063 -
38 1033 201 1085 oppida,
232 1045 331 1084 qnae
360 1034 457 1071 ratio
485 1033 540 1071 illi
572 1033 609 1070 in
638 1035 871 1082 potestatem
894 1029 1105 1080 redigenda
1135 1030 1315 1082 dictabat,
1345 1033 1406 1071 fir-

37 1090 108 1128 mis
138 1088 340 1140 praesidiis
371 1088 550 1127 diversae
580 1087 699 1138 partis
727 1085 1016 1134 obtinerentur,
1054 1085 1214 1125 subinde
1244 1087 1408 1140 aliquam

38 1157 186 1183 manum
218 1144 462 1183 submittebat
488 1144 535 1182 ad
570 1141 781 1181 infestanda
811 1154 871 1181 ea.
930 1141 1149 1181 Novissime
1174 1143 1287 1182 etiam
1315 1150 1408 1183 tarn-

40 1212 151 1252 quam
177 1200 395 1250 direpturus
417 1201 590 1238 civitates
614 1198 767 1240 aderat;
799 1197 938 1236 deinde
968 1198 1143 1237 simulato
1173 1205 1275 1238 metu
1305 1201 1408 1239 refu-

40 1256 182 1306 giebat.
242 1254 448 1305 Hannibal,
480 1262 584 1294 ratus
613 1266 743 1292 veram
765 1265 855 1292 esse
885 1254 968 1291 eius
997 1254 1312 1305 trepidationem,
1342 1257 1409 1295 de-

40 1313 165 1351 ductis
193 1311 359 1364 undique
393 1312 616 1363 praesidiis,
647 1316 835 1360 tamquam
866 1309 914 1348 de
946 1321 1089 1349 summa
1116 1322 1244 1349 rerum
1275 1311 1411 1351 decre-

40 1373 168 1416 turus,
199 1368 349 1420 insequi
380 1368 521 1418 coepit.
580 1366 635 1405 Ita
658 1371 887 1404 consecutus
910 1366 1068 1416 Scipio,
1100 1366 1203 1416 quod
1229 1368 1410 1417 petierat,

40 1423 200 1462 nudatas
235 1422 585 1476 propugnatoribus
623 1421 740 1460 urbes
782 1434 853 1473 per
884 1420 1123 1460 Masinissam
1156 1428 1195 1461 et
1229 1422 1410 1463 Numidas

39 1491 85 1518 ce
115 1481 156 1518 it.

89 1491 112 1531 p
153 1534 193 1577 2.
251 1535 292 1574 P.
337 1534 539 1574 Cornelius
586 1534 741 1585 Scipio,
779 1532 976 1571 intellecta
1022 1533 1246 1572 difficultate
1292 1547 1411 1586 expu-

40 1590 180 1641 gnandi
209 1590 457 1640 Delminium,
486 1591 572 1641 quia
605 1590 769 1627 omnium
798 1599 987 1626 concursu
1017 1588 1317 1638 defendebatur,
1347 1591 1411 1629 ad-

41 1646 152 1696 gredi
189 1646 262 1685 alia
303 1649 446 1698 oppida
492 1646 640 1696 coepit;
683 1651 723 1683 et
760 1644 932 1682 evocatis
976 1644 1024 1683 ad
1070 1656 1137 1682 sua
1171 1645 1412 1686 defendenda

45 1701 225 1751 singulis,
254 1709 451 1740 vacuatam
479 1701 628 1740 auxiliis
658 1700 885 1738 Delminium
915 1700 1030 1751 cepit.

158 1756 197 1795 3.
251 1756 417 1805 Pyrrhus
442 1756 682 1807 Epirotarum
704 1767 774 1793 rex
793 1755 979 1794 adversus
1000 1755 1175 1805 Illyrios,
1207 1768 1291 1795 cum
1321 1758 1413 1796 civi·

46 1817 162 1849 tatem
199 1823 297 1862 quae
335 1818 448 1863 caput
484 1813 609 1862 gentis
646 1817 729 1849 erat
767 1811 946 1861 redigere
977 1812 1013 1850 in
1049 1817 1280 1863 potestatem
1308 1825 1415 1852 suam

48 1866 190 1915 vellet,
222 1868 304 1905 eius
333 1868 606 1919 desperatione
641 1873 793 1905 ceteras
823 1866 939 1906 urbes
971 1873 1107 1919 petere
1138 1869 1289 1919 coepit;
1322 1881 1413 1908 con-

46 1928 280 1974 secutusque
318 1929 397 1972 est,
436 1929 476 1961 ut
512 1922 645 1961 hostes
682 1923 818 1961 fiducia
854 1923 960 1961 velut
994 1924 1086 1962 satis
1115 1925 1279 1963 munitae
1307 1925 1414 1964 urbis

47 1978 130 2016 eius
154 1978 201 2017 ad
221 1978 376 2016 tutelam
398 1978 552 2017 aliarum
574 1978 851 2017 dilaberentur:
883 1990 958 2029 quo
987 1979 1090 2018 sacto
1116 1981 1310 2019 revocatis
1330 1982 1415 2032 ipse

45 2045 178 2073 rursus
205 2034 376 2072 omnibus
404 2035 483 2072 suis
510 2046 668 2073 vacuam
697 2046 780 2072 eam
805 2033 1072 2074 defensoribus
1104 2036 1218 2086 cepit.

159 2091 199 2129 4.
246 2089 448 2128 Cornelius
464 2089 620 2128 Rufinus
644 2090 804 2139 consul,
821 2101 904 2128 cum
920 2091 1111 2142 aliquanto
1128 2097 1302 2142 tempore
1320 2090 1414 2129 Cro-

50 2150 139 2184 tona
168 2146 350 2197 oppidum
386 2145 526 2184 frustra
563 2145 803 2194 obsedisset,
837 2147 939 2196 quod
968 2146 1266 2198 inexpugnabile
1296 2147 1414 2184 facie-

51 2198 116 2238 bat
144 2201 339 2253 adsumpta
374 2202 411 2240 in
448 2201 678 2253 praesidium
707 2200 941 2240 Lucanorum
968 2215 1122 2251 manuS,
1154 2201 1341 2240 simulavit
1371 2214 1415 2240 se

51 2262 193 2306 coepto
227 2257 434 2301 desistere;
475 2257 665 2309 captivum
695 2256 833 2295 deinde
861 2269 999 2309 magno
1027 2259 1198 2310 praemio
1232 2256 1414 2296 sollicita·

53 2315 128 2349 tum
148 2312 247 2351 misit
267 2311 459 2362 Crotona,
493 2314 578 2365 qui,
610 2319 796 2364 tamquam
818 2325 867 2352 ex
889 2314 1062 2353 custodia
1083 2313 1305 2361 effugisset,
1326 2324 1415 2364 per·

105 2390 257 2418 PRONT.
289 2392 438 2420 STRAT.
1112 2391 1135 2416 ἱ)
