1566 2496
475 421 697 472 INDEX
733 422 1154 477 HJSTORIOUS

778 539 836 566 AD

146 612 367 654 LIBRUM
395 614 473 654 DE
506 614 706 667 AQUAE
733 615 1023 658 DUCTIBUS
1054 618 1224 659 URBIS
1253 620 1468 660 ROMAE.

431 830 479 859 A.

115 892 248 926 Acilius
277 895 415 938 Aviola,
455 902 590 929 curator
628 907 792 940 aquarum

114 987 273 1019 Aediles:
292 989 490 1029 permittunt
513 990 567 1023 ius
583 1000 692 1032 aquae
708 993 792 1025 dan-

162 1034 225 1066 dae
241 1034 484 1068 vendendaeve
502 1036 558 1070 95.
584 1046 687 1080 opera
711 1048 791 1081 pro-

160 1080 287 1112 babant
312 1079 369 1115 96.
399 1082 597 1124 permittunt
621 1085 790 1128 irrigatio-

160 1136 236 1159 nem
262 1126 349 1160 Circi
366 1127 508 1161 Maximi
527 1129 586 1162 97.
613 1131 791 1174 praeficie-

159 1173 241 1205 bant
272 1174 307 1205 in
334 1174 479 1217 singulis
510 1175 615 1214 vicis,
648 1187 790 1219 quorum

160 1219 323 1252 arbitratu
349 1230 436 1262 aqua
462 1223 496 1253 in
516 1222 656 1265 publico
675 1225 792 1258 saliret

113 1311 152 1350 Q.
194 1311 314 1345 Aelius
345 1311 476 1345 Tubero
516 1323 585 1347 cos.
610 1315 668 1350 99.
706 1315 786 1351 100.

160 1358 237 1392 104.
266 1357 344 1393 106.
374 1358 451 1392 108.
479 1359 558 1394 125.
586 1360 665 1396 127.

111 1405 156 1439 Μ,
183 1404 358 1447 Agrippa,
392 1405 514 1437 aedilis
538 1411 616 1448 post
639 1407 787 1449 primum

156 1450 387 1491 consulatum,
420 1451 540 1483 Iuliam
570 1461 693 1492 aquam
717 1453 786 1486 Ro-

156 1507 246 1529 mam
267 1497 446 1539 perduxit,
475 1497 562 1530 alios
587 1498 707 1532 ductus
732 1510 785 1532 re-

156 1543 275 1583 stituit,
295 1548 327 1576 et
351 1543 518 1586 singulari
535 1554 616 1577 cura
633 1546 785 1589 complu-

154 1590 250 1622 ribus
287 1590 489 1622 salientibus
526 1591 624 1632 aquis
664 1592 783 1625 urbem

154 1637 316 1669 instruxit
340 1635 372 1670 9.
408 1636 567 1669 salientes
593 1647 677 1678 quos
703 1638 784 1672 fecit

156 1682 232 1715 104.
259 1683 393 1715 tertium
414 1692 486 1718 cOS.
507 1684 685 1727 Virginem
706 1695 784 1728 per-

154 1729 251 1761 duxit
269 1729 323 1762 10.
356 1735 406 1762 est
429 1729 558 1762 moduli
583 1736 699 1763 auctor
724 1733 780 1765 25.

151 1781 336 1817 perpetuus
386 1782 521 1808 curator
561 1787 702 1819 operum
750 1783 783 1810 et

152 1831 348 1861 munerum,
375 1821 493 1855 habuit
514 1821 679 1855 familiam
702 1834 781 1866 pro-

150 1867 367 1910 priam‚quae
377 1874 526 1901 tueretur
534 1870 780 1909 aquaeductus,

152 1923 253 1955 quam
276 1914 431 1956 Augusto
463 1915 670 1948 haereditate
699 1916 778 1949 reli-

151 1960 223 2000 quit
231 1959 288 1993 98.
302 1959 381 1992 116.
400 1962 472 1992 eius
481 1963 778 1996 commentarii99.

104 2006 228 2039 Albius
259 2005 416 2048 Crispus,
450 2013 582 2039 curator
616 2018 779 2049 aquarum

102 2098 294 2131 Albudinus
319 2096 395 2129 fons
422 2097 477 2131 14.

101 2145 269 2178 Alsietina
293 2153 380 2185 aqua
405 2145 438 2176 4.
466 2143 507 2175 ab
524 2144 678 2186 Augusto
698 2154 775 2187 per-

147 2192 264 2231 ducta,
313 2200 432 2233 parum
474 2189 640 2228 salubris;
689 2191 776 2223 solet

148 2247 270 2278 aquam
297 2237 377 2270 dare
402 2236 435 2268 in
454 2236 645 2268 subsidium
663 2237 774 2277 publi»

146 2293 261 2316 corum
314 2283 526 2319 salientium3
584 2283 773 2324 conceptio,

872 830 970 871 aquis
1005 828 1057 863 18.
1107 829 1221 863 finitur
1250 837 1329 875 post
1361 843 1502 868 nauma-

873 876 986 909 chiam
1009 877 1069 912 22.
1108 877 1199 910 unde
1232 887 1354 919 aquam
1379 882 1502 924 accipit

872 923 928 956 71.
949 927 1019 955 tota
1031 928 1191 966 erogatur
1203 931 1298 956 extra
1312 925 1429 959 urbem
1442 928 1499 961 85.

824 967 1012 1001 Alsietinus
1038 968 1131 1002 lacus
1157 969 1212 1002 11.
1237 970 1294 1005 71.

826 1017 863 1050 Τ.
879 1016 1026 1058 Ampius
1040 1015 1231 1054 Flavianus,
1249 1023 1383 1051 curator
1396 1029 1499 1061 aqua-

870 1072 945 1094 rum
974 1061 1052 1096 102.

825 1119 914 1152 Anio
931 1118 1065 1152 Novus:
1094 1129 1216 1153 nomen
1239 1119 1294 1154 13.
1323 1123 1498 1165 conceptio

872 1166 929 1199 15.
953 1165 1010 1199 93.
1043 1164 1096 1200 ef.
1124 1165 1179 1199 13.
1206 1165 1347 1200 limosus
1372 1174 1404 1201 et
1428 1174 1499 1200 tur-

870 1211 1028 1245 bulentus
1047 1211 1102 1246 15.
1120 1211 1177 1248 90.
1204 1212 1346 1246 vitiabat
1369 1221 1498 1247 ceteras

869 1269 976 1300 aquas
1002 1258 1059 1292 13.
1085 1257 1142 1291 91.
1181 1257 1293 1292 Nerva
1325 1260 1407 1292 vitia
1437 1270 1496 1293 ex-

868 1305 967 1338 clusit
1001 1304 1059 1338 93.
1097 1304 1273 1347 longitudo
1312 1306 1366 1339 15.
1407 1315 1496 1347 aqua

869 1351 1034 1383 altissima
1060 1349 1115 1385 18.
1143 1359 1241 1382 arcus
1259 1349 1415 1383 altissimi
1436 1352 1492 1384 15.

865 1395 942 1428 finis
968 1396 1024 1429 20.
1062 1396 1095 1427 ei
1125 1395 1276 1438 iungitur
1298 1398 1391 1429 rivus
1412 1397 1494 1430 Her-

867 1441 1028 1474 culaneus
1053 1441 1108 1474 15.
1145 1441 1203 1473 dat
1234 1451 1356 1483 aquam
1376 1443 1411 1475 in
1432 1443 1495 1477 Te·

864 1487 982 1531 pulam
1005 1485 1061 1521 68.
1087 1487 1123 1519 in
1141 1487 1224 1520 urbe
1240 1488 1401 1521 miscetur
1417 1500 1493 1522 cum

865 1533 1009 1566 Claudia
1045 1532 1103 1568 20.
1142 1534 1198 1568 72.
1232 1533 1290 1569 86.
1332 1544 1492 1568 numerus

864 1580 1093 1622 quinariamm
1106 1578 1163 1614 73.
1189 1579 1340 1624 erogatio
1358 1580 1414 1615 73.
1430 1581 1489 1617 86.

816 1637 905 1670 Anio
922 1637 1028 1669 Vetus
1054 1638 1088 1670 in
1112 1637 1230 1670 urbem
1253 1637 1450 1680 perducitur
1470 1648 1490 1671 a

860 1683 978 1716 Fulvio
995 1683 1115 1716 Flacco
1140 1682 1173 1717 6.
1193 1693 1327 1724 nomen,
1345 1693 1490 1728 concep-

861 1730 929 1772 tio,
962 1729 1140 1772 longitudo
1177 1730 1210 1764 6.
1250 1729 1304 1765 13.
1344 1730 1490 1764 Marcius

861 1786 938 1808 eum
962 1775 1070 1808 reficit
1097 1779 1130 1808 et
1158 1775 1306 1809 vindicat
1330 1777 1363 1809 7.
1389 1777 1493 1811 resti-

861 1827 952 1854 tutus
976 1822 1018 1854 ab
1044 1821 1202 1866 Agrippa
1224 1821 1258 1855 9.
1284 1822 1416 1865 piscina
1428 1823 1485 1858 21.

860 1868 983 1911 accipit
1008 1878 1131 1909 aquam
1154 1878 1173 1900 a
1198 1867 1324 1900 Marcia
1347 1869 1403 1903 67.
1430 1869 1488 1902 dat

859 1920 991 1957 partem
1024 1924 1132 1955 aquae
1165 1914 1199 1946 in
1226 1923 1367 1956 specum
1389 1914 1488 1948 Octa-

860 1961 1018 1999 vianum;
1052 1960 1267 1993 distribuitur
1299 1961 1356 1996 21.
1398 1970 1485 2002 aqua

858 2007 1052 2039 turbulenta
1076 2005 1132 2039 90.
1161 2015 1226 2038 non
1243 2012 1356 2039 tamen
1374 2010 1483 2045 nocet,

858 2053 938 2094 quia
973 2053 1060 2085 libra
1096 2051 1238 2085 inferior
1275 2051 1332 2085 91.
1370 2052 1482 2084 minus

857 2098 1020 2138 salubris,
1053 2099 1087 2130 in
1117 2098 1290 2130 hortorum
1312 2097 1482 2140 irrigatio-

855 2155 932 2177 nem
943 2145 1018 2177 etin
1027 2144 1121 2176 urbis
1131 2143 1321 2177 sordidiora
1329 2143 1480 2175 ministe-

853 2192 907 2223 ria
928 2191 1012 2223 exiit
1027 2189 1084 2223 92.
1108 2189 1229 2222 modus
1252 2188 1479 2229 quinariamm

853 2237 911 2271 66.
938 2236 1089 2279 erogatio
1116 2235 1174 2269 66.
1199 2233 1258 2267 80.

808 2282 845 2317 C.
870 2283 1038 2315 Antistius
1064 2282 1169 2313 Vetus
1192 2289 1263 2314 cos.
1289 2278 1366 2313 102.

146 2329 323 2373 longitudo
362 2328 417 2363 11.
458 2327 618 2361 humilior
653 2329 773 2360 ceteris
805 2327 1012 2371 Apollinaris
1037 2326 1112 2360 fons
1137 2324 1186 2369 (ἲ)
1211 2326 1245 2359 4.
