1566 2496
198 133 646 168 s'rRA'rnussxAncox
671 133 763 164 Lm.
786 132 854 164 m.
885 131 987 164 cAP.
1019 130 1251 162 mv—xvr.
1355 121 1407 160 75

152 239 191 280 6.
251 238 513 288 Thrasybulus
550 238 627 277 dux
651 235 911 284 Milesiorum,
947 247 1031 274 cum
1061 235 1179 286 longa
1207 233 1410 273 obsidione

40 295 182 335 milites
211 295 269 335 sui
297 300 531 345 angerentur
563 293 612 332 ab
639 292 822 343 Alyatte,
857 292 921 343 qui
951 290 1134 343 sperabat
1165 301 1235 329 eos
1265 289 1314 329 ad
1343 289 1411 328 de-

40 352 221 392 ditionem
258 350 358 390 fame
398 361 517 402 posse
559 344 763 400 compelli,
806 347 876 386 sub
907 347 1108 387 adventum
1135 345 1301 395 Alyattis
1334 344 1411 384 fru-

41 413 207 447 mentum
235 418 347 446 omue
373 407 411 445 in
439 406 564 445 forum
594 404 827 456 comportari
850 404 980 453 iussit,
1010 409 1048 442 et
1069 402 1257 441 conviviis
1284 400 1355 440 sub
1374 400 1413 440 id

42 470 193 516 tempus
220 462 494 514 institutis‘per
518 468 635 501 totam
665 460 798 500 urbem
819 460 955 511 epulas
986 459 1197 511 praestitit;
1227 464 1341 509 atque
1362 457 1413 495 ita

42 519 235 570 persuasit
263 518 365 558 hosti
395 530 605 570 superesse
634 518 729 569 ipsis
752 517 899 568 copias,
932 515 1069 568 quibus
1089 515 1302 554 diuturnam
1330 525 1412 552 sus·

43 575 208 615 tinerent
236 574 489 614 obsidionem.

558 683 753 723 CAPUT
781 682 900 722 XVI.

155 772 249 810 QUA
291 771 495 802 RATIONE
532 769 872 802 PRODITORIBUS
916 770 976 800 ET
1016 769 1302 801 TRANSFUGIS

571 826 888 857 OCCURRATUR.

162 909 197 947 1.
256 906 436 946 Claudius
464 905 695 955 Marcellus,
734 906 890 956 cognito
921 905 1084 945 consilio
1113 906 1234 944 Bautii
1262 904 1415 954 Nolani,

47 965 112 1016 qui
145 975 392 1015 corrumpere
422 962 469 1002 ad
498 962 754 1001 defectionem
780 961 990 1013 populares
1010 961 1188 1000 studebat
1217 967 1256 1000 et
1278 961 1415 1001 Hanni-

46 1020 125 1060 bali
154 1018 464 1070 gratificabatur,
503 1017 606 1069 quod
644 1018 744 1056 illius
780 1017 970 1056 beneficio
1008 1023 1161 1055 curatus
1188 1018 1290 1056 inter
1319 1017 1416 1056 Can-

47 1087 189 1122 nenses
221 1076 373 1114 saucius
397 1080 436 1113 et
456 1087 506 1113 ex
537 1074 757 1124 captivitate
787 1074 970 1112 remissus
999 1073 1047 1112 ad
1077 1083 1170 1112 suos
1201 1078 1297 1122 erat,
1328 1074 1418 1124 quia

47 1131 405 1179 interlicere-eum,
441 1142 490 1169 ne
526 1129 717 1181 supplicio
746 1130 829 1167 eius
856 1129 1027 1180 reliquos
1059 1129 1271 1168 concitaret
1300 1128 1418 1168 Nola-

47 1199 141 1236 nos,
178 1198 255 1226 non
284 1186 470 1235 audebat,
510 1187 738 1225 arcessitum
775 1185 822 1223 ad
859 1197 902 1223 se
933 1184 1136 1223 adlocutus
1174 1191 1234 1223 est
1268 1184 1418 1233 dicens,

48 1244 293 1282 fortissimum
326 1254 412 1280 eum
434 1242 590 1281 militem
616 1253 729 1290 esse,
762 1241 863 1292 quod
892 1247 1004 1280 antea
1021 1241 1259 1291 ignorasset,
1290 1241 1417 1280 horta-

48 1306 184 1351 tusque
207 1304 287 1347 est,
314 1304 351 1336 ut
381 1310 511 1337 secum
536 1302 771 1346 moraretur,
803 1303 841 1335 et
861 1309 979 1348 super
999 1296 1206 1335 verborum
1230 1296 1417 1335 honorem

50 1366 150 1406 equo
175 1366 328 1405 quoqne
349 1353 523 1392 donavit:
557 1365 631 1404 qua
657 1352 893 1402 benignitate
915 1364 991 1391 non
1020 1352 1121 1391 illius
1143 1358 1282 1391 tantum
1304 1353 1417 1392 fidem

49 1411 119 1450 sed
147 1411 260 1448 etiam
290 1409 553 1460 popularium,
580 1409 643 1460 qui
673 1421 723 1447 ex
751 1408 817 1447 illo
841 1408 1085 1460 pendebant,
1115 1407 1188 1446 sibi
1218 1408 1416 1459 obligavit.

162 1465 200 1504 2.
249 1465 439 1504 Hamilcar
468 1466 543 1504 dux
570 1464 811 1513 Poenorum,
845 1476 928 1503 cum
957 1465 1183 1515 frequenter
1211 1465 1418 1504 auxiliares

51 1521 148 1561 Galli
177 1521 224 1560 ad
248 1520 442 1559 Romanos
471 1521 675 1559 transirent
704 1527 742 1558 et
772 1521 844 1558 iam
869 1532 918 1558 ex
946 1521 1222 1559 consuetudine
1252 1527 1292 1560 ut
1321 1521 1418 1559 socii

36 1578 338 1627 exciperentur,
366 1576 438 1614 sibi
456 1577 701 1615 fidelissimos
722 1575 945 1614 subornavit
966 1575 1013 1614 ad
1030 1576 1277 1615 simulandam
1297 1583 1418 1615 trans·

52 1628 229 1679 itionem,
261 1633 324 1682 qui
352 1631 546 1670 Romanos
583 1631 897 1681 excipiendarum
931 1642 1064 1670 eorum
1092 1643 1208 1670 causa
1234 1627 1417 1683 progres-

53 1698 119 1725 sos
140 1687 375 1725 ceciderunt.
435 1686 543 1734 Quae
564 1687 737 1725 sollertia
758 1686 959 1725 Hamilcari
979 1698 1054 1725 non
1074 1692 1215 1725 tantum
1238 1688 1285 1727 ad
1307 1700 1419 1739 prae-

53 1748 199 1780 sentem
219 1741 362 1792 profuit
386 1754 630 1790 successum,
659 1742 729 1780 sed
758 1742 795 1780 in
815 1748 1012 1793 posterum
1038 1744 1250 1794 praestitit,
1280 1750 1320 1783 ut
1342 1744 1419 1783 Ro-

51 1798 172 1836 manis
200 1798 282 1835 veri
311 1808 465 1847 quoque
490 1797 709 1848 transfugae
739 1797 865 1836 forent
892 1800 1077 1850 suspect-i.

166 1852 204 1892 3.
263 1851 395 1890 Hanno
429 1851 794 1903 Carthaginiensium
830 1855 1038 1905 imperator
1070 1855 1108 1893 in
1141 1855 1294 1904 Sicilia,
1336 1867 1420 1894 cum

53 1908 309 1959 comperisset
337 1907 530 1947 Gallorum
566 1910 888 1948 mercenariorum
927 1911 1082 1949 circiter
1118 1916 1295 1962 quattuor
1319 1912 1422 1950 milia

53 1965 299 2015 conspirasse
321 1963 367 2001 ad
387 1964 711 2014 transfugiendum
734 1965 781 2004 ad
796 1965 1009 2015 Romanos,
1032 1966 1135 2018 quod
1155 1966 1299 2019 aliquot
1315 1980 1422 2005 men-

54 2021 148 2059 sium
179 2018 381 2057 mercedes
411 2031 486 2057 non
515 2027 767 2070 receperant,
795 2021 1100 2061 animadvertere
1131 2028 1254 2062 autem
1284 2024 1321 2061 in
1351 2034 1420 2060 eos

52 2087 128 2114 non
148 2075 307 2114 auderet
330 2081 432 2113 metu
450 2075 673 2125 seditionis,
694 2077 867 2127 promisit
888 2078 1114 2128 prolationis
1134 2079 1306 2117 iniuriam
1326 2078 1420 2116 libe-

55 2130 205 2169 ralitate
236 2143 279 2169 se
311 2137 572 2182 pensaturum:
604 2142 680 2182 quo
710 2133 860 2171 nomine
891 2135 1033 2184 gratias
1058 2135 1261 2184 agentibus
1287 2132 1419 2182 Gallis,

55 2196 127 2235 per
153 2192 302 2237 tempus
336 2187 515 2225 idoneum
552 2187 678 2226 dilatis
707 2187 888 2238 pollicitis
925 2189 1185 2228 fidelissimum
1222 2190 1420 2239 dispensa-

55 2245 176 2279 torem
201 2242 249 2280 ad
273 2241 474 2281 Otacilium
500 2242 697 2281 consulem
725 2244 845 2292 misit,
877 2245 964 2295 qui,
994 2251 1182 2296 tamquam
1211 2243 1420 2282 rationibus

55 2295 275 2336 interversis
318 2298 610 2348 transfugisset,
647 2300 827 2338 nuntiavit
864 2306 978 2339 nocte
1014 2301 1186 2352 proxima
1225 2299 1419 2339 Gallorum
