1566 2496
237 142 683 177 STRATEGEMATICON
716 142 807 173 LIB.
838 142 868 172 1.
895 141 994 172 CAP.
1027 141 1093 172 111.
1124 141 1186 171 lv.
1366 131 1390 169 9

22 261 108 289 men
133 249 215 288 eius
235 247 504 300 scorpionibus
527 246 702 298 adgressi
728 251 879 295 essent,
901 244 1063 296 captivis
1084 244 1204 283 latera
1226 245 1394 282 euntium

25 305 261 357 praetexuit:
288 315 447 356 quorum
476 309 659 355 respectu
686 302 820 341 hostes
850 301 1049 340 inhibuere
1080 300 1172 340 tela.

135 359 173 400 2.
194 355 412 411 'Agesilaus
435 359 760 398 Lacedaemonius
778 370 862 397 cum
878 357 1023 410 praeda
1040 362 1198 395 onustus
1214 369 1264 395 ex
1274 356 1394 406 Phry-

23 419 86 468 gia
113 416 280 464 rediret,
317 417 688 467 insequerenturque
724 414 857 453 hostes
901 420 939 452 et
967 413 1015 452 ad
1046 413 1220 452 locorum
1249 424 1392 464 oppor-

23 473 219 512 tunitatem
266 471 508 524 lacesserent
543 472 680 522 agmen
712 471 817 518 eius,
857 470 1030 509 ordinem
1067 470 1307 520 captivorum
1345 469 1401 508 ab‘

22 534 187 580 utroque
216 528 338 567 latere
371 529 566 567 exercitus
607 528 665 566 sui
705 527 912 578 explicuit:
945 526 1081 577 quibus
1109 525 1195 564 dum
1225 525 1396 577 parcitur

24 584 72 623 ab
96 584 232 633 hoste,
263 585 426 636 spatium
454 583 675 623 transeundi
702 583 917 622 habuerunt
944 581 1252 621 Lacedaemonii.

3 640 5 642 ’
137 641 175 680 3.
203 639 332 689 Idem,
358 639 574 679 tenentibus
601 640 796 690 angustias
811 638 1027 689 Thebanis,
1058 650 1130 690 per
1155 650 1250 689 quas
1273 644 1394 677 trans-

27 696 188 735 eundum
220 696 410 746 habebat,
441 696 548 735 llexit
574 696 672 745 iter,
697 697 805 747 quasi
830 694 983 734 Thebas
1013 695 1276 733 contenderet.
1317 694 1395 733 Ex·

25 753 169 790 territis
198 751 390 790 Thebanis
417 752 682 803 digressisque
716 751 763 790 ad
798 751 951 790 tutanda
990 752 1162 800 moenia,
1193 752 1396 803 repetitum

28 809 122 857 iter,
154 818 230 859 quo
256 807 535 856 destinaverat,
567 820 744 846 emensus
773 813 833 846 est
863 807 968 846 nullo
1000 806 1228 846 obsistente.

139 864 178 903 4.
200 862 441 902 Nicostratus
481 863 557 901 dux
590 863 817 902 Aetolorum
856 863 1042 902 adversus
1075 862 1280 914 Epirotas,
1312 876 1396 902 cum

29 920 66 958 ei
96 919 284 957 aditusin
312 918 407 956 lines
435 930 568 957 eorum
595 919 745 969 angusti
779 919 936 969 fierent,
972 931 1045 970 per
1079 919 1240 958 alterum
1270 920 1397 958 locum

29 977 258 1026 irrupturum
278 986 321 1013 se
343 974 572 1023 osteudens,
591 976 690 1013 omui
715 974 780 1013 illa
801 974 848 1014 ad
868 974 1145 1026 prohibendum
1166 983 1397 1014 occurrente

28 1030 271 1082 Epirotarum
301 1030 561 1079 multitudiue,
598 1031 753 1082 reliquit
791 1042 883 1069 suos
920 1042 1088 1082 paucoS,
1128 1033 1191 1082 qui
1226 1033 1398 1082 speciem

29 1087 258 1126 remanentis
284 1087 477 1125 exercitus
505 1086 760 1137 praeberent:
790 1087 876 1138 ipse
906 1099 990 1125 cum
1020 1093 1150 1126 cetera
1179 1099 1303 1137 manu,
1325 1099 1399 1138 qua

30 1153 106 1181 nou
134 1141 451 1193 exspectabatur,
482 1142 621 1181 aditum
652 1144 815 1182 intravit.
1288 1180 1292 1194 ‚
1369 1177 1375 1183 .

79 1237 83 1239 r
141 1199 181 1238 5.
207 1197 518 1249 Autophradates
547 1198 687 1238 Perses
716 1199 858 1237 cumin
886 1198 1063 1238 Pisidiam
1092 1199 1303 1237 exercitum
1332 1199 1399 1238 du-

33 1260 161 1302 ceret,
204 1259 243 1292 et
279 1254 475 1304 angustias
513 1255 696 1305 quasdam
733 1254 884 1293 Pisidae
918 1260 1180 1305 occuparent,
1225 1255 1398 1294 simulata

32 1310 238 1350 vexatione
272 1310 496 1360 traiciendi,
534 1312 692 1349 instituit
728 1310 932 1352 reducere.
992 1310 1106 1358 Quod
1137 1323 1220 1349 cum
1247 1311 1399 1352 Pisidae

0 1392 1 1395 =
31 1366 304 1415 credidissent,
335 1366 402 1404 ille
431 1372 547 1405 noctu
582 1367 853 1406 validissimam
884 1379 1034 1405 manum
1062 1366 1312 1406 adeumdem
1342 1367 1399 1406 lo-

31 1434 116 1461 cum
153 1422 416 1474 occupandum
450 1423 648 1474 praemisit
689 1435 734 1462 ac
770 1429 931 1474 postero
980 1423 1043 1461 die
1088 1428 1207 1462 totum
1249 1424 1400 1463 traiecit

31 1478 255 1516 exercitum.

144 1533 183 1573 6.
214 1533 410 1585 Philippus
443 1533 697 1572 Macedonum
726 1546 818 1586 rex,
849 1534 1048 1573 Graeciam
1072 1534 1282 1586 adpetens,
1315 1547 1401 1573 cum

34 1587 312 1640 Thermopylas
342 1596 551 1641 occupatas
581 1590 729 1628 audiret
758 1596 795 1628 et
824 1589 870 1628 ad
900 1602 986 1628 eum
1017 1590 1136 1640 legati
1174 1590 1400 1629 Aetolorum

34 1645 230 1683 venisseut
257 1646 379 1683 acturi
407 1645 455 1684 de
486 1657 605 1695 pace,
636 1646 796 1683 retentis
819 1646 897 1694 eis,
919 1647 1005 1697 ipse
1026 1647 1174 1696 magnis
1202 1646 1402 1685 itineribus

35 1699 83 1738 ad
105 1700 300 1749 angustias
335 1701 552 1751 pertendit,
590 1702 817 1752 securisque
856 1702 1079 1740 custodibus
1117 1707 1156 1740 et
1187 1702 1401 1752 legatorum

34 1753 179 1793 reditus
210 1756 543 1805 exspectantibus,
573 1757 788 1806 inopinatus
819 1756 1099 1809 Thermopylas
1126 1758 1289 1797 traiecit.

149 1811 187 1848 7.
217 1809 452 1860 Iphicrates,
498 1811 574 1849 dux
619 1811 905 1851 Atheniensium
948 1814 1134 1852 adversus
1172 1814 1402 1853 Anaxibium

34 1865 376 1904 Lacedaemonium
406 1866 442 1904 in
467 1866 721 1918 Hellesponto
750 1875 881 1907 contra
897 1869 1084 1919 Abydon,
1117 1882 1201 1908 cum
1230 1871 1402 1910 transdu-

37 1921 197 1960 cendum
225 1922 434 1960 exercitum
454 1921 615 1961 haberet
636 1935 707 1974 per
734 1923 843 1973 loca,
868 1937 967 1976 quae
990 1926 1214 1965 stationibus
1239 1927 1403 1965 hostium

37 1976 286 2025 tenebantur,
318 1977 477 2015 alterum
506 1984 630 2016 autem
659 1978 757 2017 latus
795 1981 876 2019 eius
905 1980 1046 2020 abscisi
1075 1988 1225 2021 montes
1253 1995 1402 2034 preme-

36 2039 144 2082 rent,
174 2032 335 2071 alterum
363 2044 467 2071 mare
498 2033 692 2083 adlueret,
721 2034 949 2086 aliquamdiu
977 2045 1168 2087 moratus,
1202 2050 1286 2077 cum
1312 2039 1403 2076 inci-

37 2088 158 2127 disset
189 2088 365 2138 frigidior
393 2089 508 2127 solito
538 2089 622 2128 dies
653 2096 690 2128 et
727 2090 777 2129 ob
805 2091 881 2130 hoc
909 2095 1047 2132 nemini
1077 2101 1303 2145 suspectus,
1338 2093 1403 2131 de-

37 2143 133 2194 legit
163 2143 398 2183 firmissimos
437 2156 634 2196 quosque,
674 2146 811 2197 quibus
844 2147 934 2187 oleo
975 2161 1021 2188 ac
1059 2161 1166 2188 mero
1206 2149 1407 2188 calefactis

38 2200 259 2250 praecepit,
288 2201 410 2251 ipsam
440 2212 545 2239 oram
565 2201 678 2240 maris
707 2202 905 2254 legerent,
937 2204 1158 2256 abruptiora
1188 2210 1403 2243 tranarent:

39 2259 154 2306 atque
178 2257 229 2294 ita
258 2257 440 2295 custodes
471 2257 728 2307 angustiarum
756 2260 969 2310 inopinatus
1000 2261 1195 2312 obpressit
1225 2273 1246 2298 a
1276 2266 1402 2310 tergo.

152 2309 189 2350 8.
212 2309 286 2365 Cn.
313 2311 515 2365 Pompeius
542 2311 626 2352 cum
647 2313 786 2353 flumen
806 2316 969 2355 transire
998 2322 1159 2368 propter
1188 2315 1406 2367 obpositum
