1566 2496
117 129 199 159 XVI
676 128 940 160 PRAEFATIO

116 225 324 285 ὀβελίσκον
335 231 536 284 σιδηροῦν.
557 227 575 286 ΙΙ
594 235 628 272 7.
649 235 818 283 vocabat)
833 235 981 284 plurimi
997 235 1092 274 libri.
1110 235 1205 275 Oud.
1215 238 1381 277 vacabat.
1403 234 1422 293 Η
1444 243 1499 281 15.

111 292 342 339 provincias)
362 291 460 328 Libri
475 291 714 337 provinciam.

231 347 321 394 Cap.
338 348 385 383 V.
409 352 441 387 1.
464 349 521 394 se)
544 348 669 395 recepi
691 359 711 383 e
731 349 897 386 Petrens.
916 342 936 400 H
956 352 988 387 2.
1007 351 1082 385 tum
1096 358 1177 386 cum
1199 353 1322 397 max.)
1341 351 1394 388 Ita
1414 352 1500 399 lego

117 415 165 440 ex
184 405 444 441 nonnullorum
475 405 651 440 librorum
682 405 840 440 lectione
878 410 998 440 actam
1025 410 1061 441 et
1088 416 1135 442 ac
1161 411 1247 443 tum.
1305 407 1417 444 Amat
1445 408 1501 445 sic

116 462 217 508 loqui
237 466 376 497 noster.
399 456 416 512 Η
436 465 491 499 10.
512 471 607 508 quae
621 471 703 508 sup.
732 463 855 507 erant)
876 461 929 496 Ita
949 465 1097 508 praeter
1121 463 1216 499 alios
1244 463 1359 500 libros
1378 463 1500 500 Medi-

115 519 173 554 cei
193 522 229 554 et
249 517 343 555 Edd.
365 521 439 553 vet.
464 517 559 554 Oud.
581 519 771 565 omniaque
796 519 1003 566 superiora.
1035 517 1087 555 Cf.
1109 519 1138 555 I.
1161 524 1195 564 5,
1215 524 1271 558 15.
1291 514 1309 572 Η
1331 524 1388 559 12.
1407 521 1500 557 mul·

112 576 174 620 tis)
196 574 291 611 Oud.
313 585 334 610 e
354 575 522 610 Petrens.
549 575 672 610 multa.
716 574 791 620 „Er
824 574 952 610 werde
982 574 1094 610 ihnen
1121 576 1158 611 in
1179 577 1304 612 vielen
1334 576 1501 613 Stiicken

111 630 325 667 hinderlich
347 631 468 675 sein‚“
492 630 516 665 i.
539 641 572 666 e.
593 631 668 666 viel
694 641 741 666 zu
761 630 930 667 schaffen
949 631 1119 668 macheu.
1155 632 1283 668 Valcr.
1294 633 1394 669 Max.
1418 633 1498 669 VII.

111 691 147 725 4.
166 691 211 725 4:
237 686 520 723 intolerabilibus
537 687 708 723 oneribus
734 688 910 724 civitatem
933 697 1060 723 eorum
1086 689 1297 736 implicanti.
1345 689 1498 736 Anceps

111 743 250 780 dictum
271 744 432 780 hominis
453 743 636 790 ancipitis.
658 737 677 796 l}
697 746 752 782 14.
774 755 847 791 qua
875 745 1013 790 occisa)
1042 743 1237 781 Revocavi
1265 745 1363 781 hanc
1392 746 1496 793 vulg.

111 810 157 836 ex
186 800 378 838 Mediceis.
422 800 548 836 Verba
578 811 650 837 non
678 800 847 836 dubitavit
880 801 973 836 dare
1005 810 1166 847 poenam
1193 802 1435 848 plurimorum
1462 805 1499 838 et

109 857 332 903 optimorum
354 857 530 893 librorum
552 857 767 893 auctoritate
787 857 970 892 nituntur:
993 867 1060 901 „er
1076 862 1162 904 trug
1175 858 1264 894 kein
1279 857 1499 905 Bedenken,
1517 869 1519 871 ¹

110 914 168 949 fiir
195 913 267 949 den
291 913 373 949 Tod
394 913 462 949 des
483 912 568 948 dem
587 914 688 948 Mars
712 913 939 960 geheiligten
963 913 1107 960 Vogels
1135 924 1180 949 zu
1208 915 1388 951 biissen.“
1425 914 1496 951 Ubi

110 971 228 1006 semel
249 970 386 1005 excidit
405 981 492 1005 nam
513 969 682 1016 (propter
700 969 877 1016 praeced.
890 979 1053 1017 poenam
1071 969 1378 1015 similitudinem),
1396 970 1498 1018 quod

110 1027 191 1073 ipse
211 1027 367 1071 restitui,
395 1026 534 1062 librarii
565 1026 792 1062 intruserunt
813 1035 911 1073 erqo.
955 1025 1052 1063 Oud.
1073 1025 1208 1069 edwii:
1227 1037 1330 1063 avem
1354 1027 1494 1070 occidit,

107 1083 176 1119 n'ec
201 1083 294 1119 dare
314 1095 357 1130 p.
380 1082 563 1119 dubitavit.
610 1082 745 1119 Nostro
774 1092 860 1129 erqo
890 1092 950 1118 ex.
972 1075 990 1134 ΙΙ
1013 1086 1068 1120 15.
1087 1083 1208 1128 Decii)
1230 1083 1406 1128 Gronov„
1426 1093 1495 1130 pro

107 1140 255 1176 Decius.
287 1134 304 1192 Η
338 1142 392 1178 16.
419 1139 636 1186 reyendam)
663 1139 844 1175 revocavi
865 1150 913 1174 ex
931 1139 1059 1174 Vater.
1081 1139 1182 1174 Max.
1203 1138 1247 1174 II.
1267 1142 1302 1182 2,
1325 1142 1386 1176 12:
1420 1150 1496 1187 qua

107 1197 159 1232 ad
181 1198 379 1244 reyendum
404 1205 535 1243 equum
562 1205 651 1231 usus
674 1195 815 1242 fuerat.
871 1195 991 1230 Etiam
1011 1198 1125 1230 morte
1145 1194 1274 1241 effuyit
1287 1195 1428 1231 restitui
1448 1206 1496 1231 ex

106 1253 234 1288 Valer.
255 1247 271 1304 Η
293 1257 351 1291 20.
374 1252 606 1296 Casilinates)
630 1251 720 1287 Mss.
745 1255 780 1286 et
799 1250 895 1286 Edd.
918 1250 1074 1287 Casilini,
1120 1250 1241 1295 Quum
1262 1250 1496 1288 desideretur

107 1309 326 1353 subiectum,
348 1311 597 1344 tentaveram:
620 1307 769 1343 Casilini
785 1307 849 1354 qui
859 1306 1113 1343 obsidebantur
1133 1306 1178 1342 ab
1192 1306 1403 1343 Hannibale
1427 1308 1494 1351 (οἳ.
1565 1340 1566 1352 ,

106 1366 168 1401 ΙΙΙ.
200 1369 255 1410 15,
284 1367 344 1410 3),
374 1367 455 1400 aut:
487 1364 638 1400 Casilini
663 1363 844 1399 obsidione
873 1362 1094 1399 Hannibalis
1120 1363 1240 1399 clausi
1270 1363 1336 1406 (cf.
1364 1363 1494 1400 Valer.
1565 1362 1566 1369 ¹

107 1421 207 1456 Max.
225 1421 305 1456 VII.
329 1423 369 1464 6,
397 1424 440 1458 2:
471 1420 614 1455 Eadem
645 1420 857 1457 Casilinates
883 1419 1066 1455 obsidione
1093 1418 1314 1456 Hannibalis
1338 1420 1494 1466 clausi);

108 1477 202 1514 Oud.
225 1477 422 1514 Casilinum
450 1476 525 1513 obs.
551 1475 617 1521 IL,
642 1480 681 1511 ut
709 1476 767 1511 III.
790 1479 846 1520 14,
868 1479 902 1513 2.
946 1475 1055 1520 Quod
1088 1476 1254 1522 sequitur
1273 1487 1494 1523 quamquam

107 1533 267 1576 restitui,
302 1537 428 1579 utpote
458 1533 617 1569 eiectum
646 1534 692 1569 ob
717 1532 875 1568 similem
896 1542 1029 1568 vocem
1049 1542 1129 1578 seq.
1149 1535 1298 1568 tantam.
1319 1526 1337 1585 Η
1356 1533 1489 1569 ducen-

105 1592 167 1635 tis)
188 1590 361 1636 reposui,
394 1600 462 1636 pro
496 1592 649 1626 centum.
687 1601 725 1626 v.
756 1587 851 1624 Oud.
878 1582 895 1640 Η
921 1591 980 1626 21.
997 1588 1225 1634 patiendam)
1259 1588 1314 1625 Ita
1345 1587 1493 1636 plurimi

105 1647 198 1689 libri,
221 1658 294 1682 non
309 1646 543 1696 patiendum.-
564 1656 612 1681 ex
630 1656 732 1682 more
753 1645 928 1680 Frontini.
948 1638 965 1695 ll
986 1647 1044 1682 22.
1065 1645 1128 1690 iis)
1153 1644 1316 1690 restitui,
1336 1644 1493 1682 ducibus

105 1704 150 1739 iis
172 1704 287 1748 libris,
305 1714 324 1738 e
347 1703 481 1749 quibus
503 1701 596 1738 Oud.
620 1702 778 1738 restituit
802 1700 976 1739 Viriatho.
1001 1695 1018 1752 Η
1036 1703 1093 1739 23.
1113 1699 1242 1748 praef.
1262 1700 1423 1748 foribus)
1454 1705 1494 1737 ut

101 1760 299 1806 praefixae
312 1759 500 1807 fenestrae
518 1758 619 1804 apud
641 1758 768 1795 Caium
787 1758 824 1793 in
843 1758 1001 1794 Forceil.
1023 1757 1114 1794 Lex.

221 1814 309 1862 Cap.
330 1816 392 1851 VI.
414 1820 448 1854 1.
471 1815 621 1860 Rullus)
651 1814 751 1850 Med.
780 1818 816 1850 et
835 1814 919 1850 Vat.
940 1813 1100 1859 Mutius,
1136 1814 1184 1850 at.
1205 1811 1409 1858 Minucius,
1443 1813 1492 1849 al.

103 1872 262 1908 Mucius.

221 1928 311 1974 Cap.
331 1928 411 1962 VII.
434 1931 466 1964 1.
489 1926 649 1962 dolabris
676 1931 709 1962 et
728 1928 805 1973 op.)
834 1927 889 1963 Ita
918 1927 1072 1973 scripsi,
1099 1937 1167 1973 pro
1197 1925 1349 1962 dolabra
1375 1924 1416 1960 id
1438 1928 1493 1960 est

106 1985 293 2033 operibus,
334 1984 437 2019 utin
464 1983 567 2018 libris
604 1983 753 2030 legitur.
787 1977 804 2036 Η
839 1987 874 2020 5.
911 1985 968 2028 se)
1006 1982 1198 2018 exciderat
1228 1984 1378 2028 propter
1410 1991 1490 2027 seq.

105 2044 147 2080 si.
168 2036 187 2094 Η
205 2044 238 2080 6.
256 2041 465 2084 universas)
490 2039 636 2082 retinui,
661 2050 728 2085 pro
748 2041 949 2075 universos.
990 2038 1043 2074 Cf.
1063 2039 1092 2075 I.
1115 2042 1170 2082 10,
1193 2042 1226 2075 1.
1246 2031 1263 2089 ΙΙ
1283 2039 1319 2076 7.
1341 2036 1491 2082 adiecit)

106 2097 283 2136 revocavi
313 2108 332 2131 e
360 2094 460 2131 Med.
491 2106 547 2141 pr.
575 2089 592 2146 Η
624 2094 822 2140 Caeditius)
851 2095 956 2130 Multi
970 2095 1064 2131 Mss.
1089 2093 1218 2131 Cedias
1237 2097 1300 2128 aut
1322 2091 1487 2128 Caeciius.

105 2156 219 2204 vulg.
243 2153 398 2190 Caelius.
441 2150 493 2186 cs.
522 2151 657 2186 venei.
685 2152 761 2187 Pat.
789 2152 832 2187 11.
856 2155 913 2189 20.
939 2145 957 2203 ῃ
987 2154 1043 2189 12.
1074 2150 1225 2196 impetu)
1256 2147 1445 2192 cr.111.1‚
1469 2153 1487 2186 1

105 2213 257 2259 (impetu
287 2207 473 2256 admenta).
523 2206 584 2242 111.
611 2211 642 2250 1,
671 2210 703 2244 3.
732 2208 759 2244 Ι.
783 2211 816 2251 5,
838 2211 893 2244 11.
936 2206 1041 2243 Multi
1060 2204 1141 2241 libri
1163 2204 1302 2250 Demo,
1337 2205 1488 2250 detento,

105 2269 149 2304 de
171 2269 317 2315 impetu.
359 2264 419 2301 An
436 2263 480 2299 de
500 2264 718 2309 improviso?
748 2263 823 2299 Sed
843 2274 978 2299 vocem
998 2264 1130 2307 impetu
1150 2260 1262 2296 etiam
1290 2260 1374 2297 aliis
1394 2261 1488 2298 locis

103 2337 124 2362 a
160 2323 318 2361 librariis
352 2324 562 2368 corruptam
598 2317 844 2365 deprehendi.
873 2313 890 2370 Η
920 2322 976 2357 13.
1007 2316 1142 2354 Laced.
1177 2317 1216 2353 in
1242 2319 1373 2365 ayros)
1426 2315 1488 2354 Sic
