1566 2496
113 141 166 182 38
553 152 654 184 SEX.
685 153 803 184 1uL11
833 153 1058 185 FRONTINI
1103 144 1109 149 “

108 256 291 307 repulsus
331 262 457 306 esset,
497 257 570 296 nisi
607 258 891 296 circummissus
927 258 976 298 ab
1006 271 1054 298 eo
1080 258 1241 298 Porcius
1273 256 1392 308 Cato,
1432 258 1496 310 qui

108 318 209 362 tum,
238 313 311 351 iam
334 312 569 363 consularis,
596 314 768 353 tribunus
790 314 946 353 militum
964 328 985 355 a
1009 315 1155 367 populo
1173 315 1297 354 factus
1320 315 1357 353 in
1383 327 1497 353 exer-

112 369 188 407 citu
220 376 325 418 erat,
359 369 521 408 deiectis
552 371 650 421 iugis
682 370 906 409 Callidromi
940 372 1120 424 (montis)
1151 371 1327 420 Aetolis,
1360 372 1423 422 qui
1451 383 1498 410 ea

110 425 308 476 praesidio
338 425 541 475 tenebant,
573 439 693 478 super
720 428 975 467 imminentem
1003 429 1139 467 castris
1169 428 1288 479 regiis
1313 427 1454 466 collem
1475 440 1498 467 a

109 488 224 532 tergo
265 481 412 521 subitus
456 482 714 534 adparuisset.
777 482 863 531 Quo
897 485 1000 524 facto
1046 484 1279 535 perturbatis
1316 482 1498 522 Antiochi

112 539 258 589 copiis,
298 540 489 590 utrimque
518 540 699 591 inrupere
725 539 886 579 Romani
914 547 952 580 et
981 542 1076 580 fusis
1107 542 1153 579 iis
1183 541 1403 591 fugatisque
1435 552 1498 579 ca-

110 601 189 633 stra
224 601 427 647 ceperunt.
1544 643 1547 645 ‚

225 652 263 690 5.
313 650 368 690 .C.
397 651 591 702 Sulpicius
621 651 776 691 Peticus
807 653 964 702 consul,
1008 660 1142 693 contra
1172 652 1305 692 Gallos
1342 652 1497 692 dimica-

111 714 217 746 turus
243 708 354 746 iussit
395 707 585 746 muliones
627 709 725 747 clam
765 710 802 747 in
840 716 990 748 montes
1028 710 1228 761 proximos
1267 722 1352 748 cum
1384 709 1497 747 mulis

110 763 218 802 abire
249 770 287 802 et
316 764 502 814 indidem,
537 771 718 803 conserto
749 767 821 804 iam
851 766 1025 817 proelio,
1053 765 1160 805 velut
1190 766 1301 817 equis
1331 765 1498 804 insiden-

109 826 171 858 tes
199 826 395 860 ostentare
434 833 476 859 se
508 821 786 872 pugnantibus:
828 835 947 873 quare
983 822 1105 871 Galli,
1138 823 1400 861 existimantes
1433 821 1497 860 ad-

110 883 278 915 ventare
303 877 445 916 auxilia
475 877 679 926 Romanis,
714 890 874 917 cessere
904 880 976 917 iam
1007 891 1132 931 paene
1161 879 1347 917 victores.

226 934 263 972 6.
324 932 468 972 Marius
499 934 603 973 circa
631 932 764 986 Aquas
787 935 967 985 Sextias,
1000 948 1084 974 cum
1115 935 1153 973 in
1181 935 1306 974 animo
1333 933 1498 974 haberet

112 996 271 1041 postera
307 989 368 1029 die
407 991 633 1042 depugnare
672 991 858 1029 adversus
892 991 1112 1042 Teutonos,
1152 990 1375 1030 Marcellum
1413 1002 1499 1029 cum

112 1057 231 1097 parva
267 1058 377 1085 manu
415 1048 584 1098 equitum
619 1047 869 1099 peditumque
906 1054 1021 1087 noctu
1055 1054 1146 1100 post
1184 1053 1295 1098 terga
1332 1047 1498 1086 hostium

110 1103 211 1141 misit
241 1109 279 1142 et
311 1103 358 1141 ad
385 1103 615 1154 implendam
644 1104 888 1143 multitudiuis
913 1106 1088 1156 speciem
1110 1114 1301 1155 agasones
1321 1103 1497 1156 lixasque

111 1165 279 1198 armatos
319 1159 430 1198 simul
467 1161 524 1199 ire
561 1161 671 1199 iussit
700 1161 1031 1212 iumentorumque
1060 1171 1231 1211 magnam
1264 1165 1413 1211 partem
1443 1159 1497 1197 in-

111 1222 316 1255 stratorum
351 1216 616 1266 centunculis,
648 1222 687 1255 ut
717 1229 789 1267 per
821 1216 896 1255 hoc
927 1217 1050 1256 facies
1081 1217 1274 1268 equitatus
1306 1215 1497 1255 obiicere-

110 1278 194 1320 tur,
226 1273 531 1324 praecepitque,
562 1278 626 1321 ut,
665 1285 747 1311 cum
779 1273 1138 1312 animadvertissent
1168 1273 1350 1310 committi
1381 1283 1498 1323 proe-
1560 1274 1566 1282 “

110 1329 224 1377 lium,
254 1329 328 1380 ipsi
349 1329 384 1366 in
410 1335 520 1378 terga
541 1328 705 1366 hostium
730 1328 1029 1367 descenderent.
1090 1328 1164 1376 Qui
1190 1328 1396 1379 adparatus
1416 1334 1514 1369 tan-.
1562 1322 1566 1366 .}

110 1391 188 1423 tum
219 1385 381 1423 terroris
410 1384 555 1433 intulit,
584 1390 623 1422 ut
651 1385 853 1435 asperrimi
882 1384 1017 1423 hostes
1048 1385 1085 1422 in
1113 1384 1241 1435 fugam
1273 1385 1378 1423 versi
1408 1385 1495 1422 sint.

225 1440 262 1478 7.
321 1439 486 1478 Licinius
515 1438 693 1489 Crassus,
727 1440 974 1491 fugitivorum
995 1440 1101 1479 bello
1123 1441 1221 1492 apud
1248 1438 1498 1479 Calamatium
1558 1452 1560 1454 ·

113 1497 322 1547 (montem)
364 1496 573 1535 educturus
609 1496 766 1535 militem
805 1497 991 1539 adversus
1029 1496 1186 1536 Castum
1221 1502 1260 1535 et
1290 1495 1498 1535 Gannicum

112 1553 231 1591 duces
274 1545 494 1602 Gallorum,
531 1553 735 1592 duodecim
773 1553 958 1592 cohortes
997 1566 1082 1592 cum
1118 1552 1163 1591 C.
1203 1552 1419 1602 Pomptinio
1459 1558 1499 1591 et

111 1609 158 1657 Q.
191 1608 337 1648 Marcio
361 1608 461 1648 Rufo
490 1610 631 1660 legatis
661 1615 751 1661 post
781 1616 947 1649 montem
973 1609 1229 1648 circummisit.
1291 1606 1366 1656 Qui
1396 1621 1496 1658 cum,

112 1667 318 1704 commisso
337 1667 410 1704 iam
431 1666 598 1717 proelio,
631 1678 651 1705 a
669 1672 781 1717 tergo
804 1666 972 1705 clamore
998 1665 1150 1705 sublato
1167 1665 1495 1714 decucurrissent‚

109 1723 162 1760 ita
199 1722 378 1761 fuderunt
416 1723 574 1771 hostes,
613 1728 654 1761 ut
692 1722 834 1774 ubique
872 1723 988 1773 fuga,
1027 1734 1212 1774 nusquam
1251 1732 1401 1773 pugna,
1433 1733 1497 1760 ca-

111 1784 352 1829 pesseretur.
1408 1776 1419 1791 “

226 1834 264 1873 8.
325 1834 376 1872 Μ.
413 1834 623 1872 Marcellus
659 1846 744 1872 cum
777 1841 1004 1884 vereretur,
1042 1846 1091 1872 ne
1138 1834 1370 1885 paucitatem
1415 1834 1497 1872 eius

110 1891 267 1937 militum
307 1891 453 1929 clamor
490 1890 717 1940 detegeret,
757 1891 868 1930 simul
901 1891 999 1930 lixas
1033 1890 1271 1940 calonesque
1310 1896 1348 1928 et
1377 1890 1499 1928 omnis

111 1948 269 1997 generis
303 1947 484 1997 sequelas
517 1946 761 1985 conclamare
792 1949 924 1997 iussit,
954 1953 1070 1999 atque
1109 1946 1160 1985 ita
1191 1946 1342 1986 hostem
1371 1946 1498 1995 magni

112 2004 309 2042 exercitus
343 2005 475 2054 specie
506 2003 705 2040 exterruit.

225 2059 263 2099 9.
324 2058 503 2098 Valerius
539 2058 727 2096 Laevinus
766 2059 955 2098 adversus
988 2057 1194 2108 Pyrrhum,
1234 2058 1368 2096 occiso
1400 2068 1495 2107 quo-

113 2116 197 2154 dam
223 2115 375 2165 gregali
404 2121 540 2153 tenens
565 2114 734 2164 gladium
765 2121 984 2164 cruentum,
1016 2116 1167 2165 utrique
1192 2113 1380 2151 exercitui
1407 2125 1495 2164 per·

114 2173 233 2211 suasit
272 2171 456 2220 Pyrrhum
490 2167 779 2221 interemptum:
819 2171 1068 2222 quamobrem
1115 2170 1248 2208 hostes
1288 2168 1495 2207 destitutos

112 2241 157 2266 se
192 2228 299 2267 ducis
328 2233 450 2265 morte
483 2226 710 2275 credentes,
742 2228 978 2266 consternati
1013 2239 1034 2266 a
1061 2225 1259 2265 mendacio
1291 2237 1334 2262 se
1368 2225 1496 2275 pavidi

113 2286 151 2323 in
182 2290 308 2323 castra
339 2288 585 2334 receperunt.

231 2340 293 2379 10.
353 2339 533 2390 Iugurtha
563 2339 600 2376 in
626 2337 799 2377 Numidia
828 2339 1013 2378 adversus
1042 2335 1084 2375 C.
1110 2335 1289 2386 Marium,
1323 2348 1408 2376 cum
1441 2335 1495 2375 la-
