1566 2496
259 153 705 187 STRATEGEuAncox
735 152 827 184 ΜΒ.
852 153 912 183 1v.
942 151 1043 183 cAP.
1062 153 1201 183 1—111.
1358 141 1412 181 85

41 259 117 298 iam
143 258 234 297 inde
257 270 286 297 a
314 257 492 309 Philippo
518 263 629 308 patre
649 255 875 307 disciplinae
895 255 1153 305 adsuefactiS,
1182 254 1315 294 orbem
1336 260 1412 294 ter-

42 326 169 354 rarum
196 313 403 364 adgressus
434 315 650 352 innumeras
676 312 843 351 hostium
871 313 1005 363 copias
1033 312 1138 349 vicit.
1157 314 1169 322 '

154 371 195 410 5.
243 367 396 424 [Cyrus]
430 369 536 408 bello
566 369 753 408 adversus
786 365 952 421 [Persas]
985 367 1289 418 quattuordecim
1319 366 1415 405 mili·

41 426 117 466 bus
143 433 371 465 amatorum
395 426 599 469 immensas
625 423 874 463 difficultates
902 423 1112 475 superavit.

154 482 192 522 6.
246 481 531 534 Epaminondas
560 481 637 519 dux
665 479 933 518 Thebanorum
955 484 1135 530 quattuor
1162 478 1314 516 milibus
1347 477 1415 516 ho-

39 538 202 587 minum,
232 549 284 577 ex
306 537 443 589 quibus
459 536 724 588 quadringenti
747 542 887 574 tantum
905 535 1055 586 equites
1074 540 1203 582 erant,
1222 533 1416 572 Lacedae·

41 594 254 633 moniorum
280 594 493 633 exercitum
511 593 645 643 viginti
671 597 850 643 quattuor
869 591 1011 630 milium
1035 590 1218 642 peditum,
1249 590 1418 640 equitum

42 649 148 688 mille
179 655 453 688 sexcentorum
479 650 584 688 vicit.
1116 677 1120 682 .

154 705 195 743 7.
253 704 289 743 A
325 705 630 756 quattuordecim
667 703 819 742 milibus
844 702 1102 750 Graecorum,
1139 703 1202 752 qui
1239 712 1418 739 numerus

45 761 85 798 in
113 760 266 800 auxiliis
294 759 386 810 Cyri
416 761 602 799 adversus
628 759 874 798 Artaxerxen
901 758 995 810 fuit,
1019 763 1171 797 centum
1197 757 1301 796 milia
1332 756 1417 795 bar-

45 815 225 855 barorum
253 816 405 867 proelio
430 816 599 867 superati
628 816 728 854 sunt.
871 806 892 819 '

160 871 199 911 8.
252 871 396 911 Eadem
415 872 646 910 Graecorum
669 870 973 921 quattuordecim
992 870 1094 909 milia
1106 899 1118 918 ,
1137 868 1291 921 proelio
1308 868 1418 905 amis-

48 929 101 966 sis
131 927 317 977 ducibus,
349 927 495 966 reditus
533 927 591 965 sui
626 938 716 964 cura
761 938 811 964 ex
854 936 1021 977 corpore
1063 936 1133 963 suo
1171 923 1420 974 Xenophonti

47 984 275 1022 Atheniensi
306 983 554 1032 demandata,
589 994 661 1034 per
694 983 821 1034 iniqua
857 988 897 1020 et
933 982 1065 1031 ignota
1096 980 1185 1019 loca
1216 979 1421 1017 incolumia

48 1051 211 1078 reversa
238 1046 337 1078 sunt.
831 1077 836 1080 .

159 1095 199 1134 9.
261 1095 438 1144 Xerxes,
468 1094 516 1133 ab
544 1093 728 1132 trecentis
750 1091 1142 1131 Lacedaemoniorum
1162 1090 1211 1129 ad
1237 1089 1422 1128 Thermo·

49 1151 160 1202 pylas
190 1148 375 1200 vexatus,
417 1163 501 1189 cum
534 1151 600 1188 vix
638 1161 707 1187 eos
745 1148 1005 1196 confecisset,
1041 1147 1118 1186 hoc
1144 1158 1188 1185 se
1218 1146 1422 1196 deceptum

49 1206 198 1256 aiebat,
238 1207 342 1258 quod
378 1207 518 1245 multos
557 1206 711 1257 quidem
735 1205 909 1243 homines
937 1203 1122 1251 haberet,
1159 1203 1265 1240 viros
1296 1207 1423 1240 autem

50 1262 275 1315 disciplinae
299 1269 459 1302 tenaces
487 1262 629 1300 nullos.

575 1371 605 1411 C
617 1372 651 1410 Α
661 1372 690 1411 P
699 1371 733 1410 U
745 1370 775 1409 T
800 1369 841 1409 ΙΙ
852 1369 883 1408 1.

518 1459 581 1488 DE
620 1456 950 1488 coxnxm’rm.

45 1590 51 1593 Π
167 1542 204 1579 1.
258 1540 309 1579 Μ.
341 1539 526 1579 Catonem
555 1539 644 1576 vino
677 1537 839 1585 eodem,
873 1546 950 1587 quo
978 1536 1172 1585 remiges,
1207 1540 1426 1573 contentum

51 1596 171 1634 fuisse
199 1596 371 1634 traditur.

166 1650 204 1688 2.
258 1650 480 1699 Fabricius,
519 1660 604 1687 cum
633 1646 775 1686 Cineas
813 1646 966 1696 legatus
1001 1643 1246 1696 Epirotarum
1279 1645 1427 1695 grande

57 1706 207 1758 pondus
235 1707 314 1744 auri
353 1706 453 1744 dono
483 1706 519 1742 ei
549 1704 682 1752 daret,
711 1714 788 1740 non
820 1707 985 1752 accepto
1014 1712 1064 1739 eo
1093 1701 1209 1749 dixit,
1238 1701 1354 1739 malle
1382 1712 1427 1738 se

53 1761 284 1800 habentibus
312 1761 349 1799 id
378 1762 592 1811 imperare,
624 1770 735 1810 quam
764 1757 925 1796 habere.

167 1816 207 1856 3.
266 1816 422 1855 Attilius
461 1815 655 1865 Regulus,
696 1826 780 1852 cum
818 1813 972 1851 summis
1015 1811 1134 1850 rebus
1178 1813 1428 1863 praefuisset,

56 1873 156 1912 adeo
176 1884 325 1924 pauper
343 1872 435 1921 fnit,
455 1877 496 1909 ut
516 1883 560 1909 se
572 1900 584 1919 ,
608 1871 812 1919 coniugem
832 1868 1056 1919 liberosque
1074 1867 1263 1906 toleraret
1282 1868 1428 1919 agello,

55 1930 120 1981 qui
151 1928 354 1967 colebatur
382 1939 455 1979 per
474 1926 586 1965 unum
613 1926 803 1968 villicum:
833 1926 941 1963 cuins
969 1924 1097 1962 audita
1125 1930 1249 1963 morte
1274 1925 1431 1975 scripsit

54 1985 204 2024 senatui
227 1984 279 2023 de
307 1994 562 2031 successore,
600 1982 790 2021 destitutis
826 1980 945 2019 rebus
975 1979 1082 2018 obitu
1112 1981 1217 2019 servi
1245 1991 1428 2019 necessa-

54 2041 148 2079 riam
177 2052 268 2079 esse
297 2040 555 2091 praesentiam
586 2049 705 2076 suam.

167 2097 206 2134 4.
267 2094 336 2134 Cn.
366 2095 500 2145 Scipio
525 2100 617 2145 post
642 2106 707 2132 res
735 2103 929 2144 prospere
955 2093 994 2130 in
1023 2091 1204 2143 Hispania
1235 2097 1367 2141 gestas
1392 2091 1431 2127 in

59 2163 200 2190 summa
237 2157 468 2203 paupertate
504 2149 676 2188 decessit
711 2161 786 2188 nec
822 2160 869 2187 ea
903 2147 1057 2200 quidem
1084 2147 1221 2186 relicta
1251 2146 1429 2197 pecunia,

59 2217 158 2257 quae
193 2208 392 2246 sufficeret
421 2207 459 2244 in
489 2205 620 2244 dotem
649 2205 831 2253 tiliarum,
868 2215 965 2255 quas
997 2203 1047 2242 ob
1079 2204 1245 2254 inopiam
1275 2200 1431 2252 publice

63 2261 207 2300 dotavit
237 2269 405 2302 senatus.

170 2318 210 2356 5.
267 2317 371 2358 Idem
398 2317 671 2370 praestiterunt
698 2316 957 2355 Athenienses
986 2315 1075 2353 filiis
1108 2311 1309 2359 Aristidis,
1343 2316 1431 2361 post
