1566 2496
236 134 684 167 srmrmnmncox
714 135 805 166 mn,
824 136 853 166 1.
881 120 1172 168 Cquxx—xn
1336 127 1382 167 21

17 240 139 278 cisset
176 237 278 291 qnod
311 239 536 290 imperatum
572 245 674 289 erat,
714 238 970 279 validissimus
1006 252 1091 279 cum
1124 239 1259 278 infirmi
1302 241 1392 291 equi

18 294 138 335 canda
166 294 411 334 sinc·cffectu
431 294 663 345 luctaretur,
690 294 895 344 Naturam,
917 296 1037 348 inquit
1065 296 1283 344 Sertorius,
1312 295 1389 335 Ro·

16 362 206 391 manarum
225 349 438 390 cohortium
460 363 530 402 per
550 350 627 390 hoc
655 351 766 390 vobis
793 352 1204 404 exemplumostendi,
1227 352 1388 391 milites:

16 406 298 458 insuperabiles
318 412 404 445 sunt
424 407 625 446 universas
652 407 985 458 adgredientibus;
1017 409 1173 448 easdem
1203 408 1392 447 lacerabit

16 468 56 502 et
75 468 228 514 carpet,
259 463 324 515 qui
351 475 424 514 per
450 469 581 514 partes
604 463 869 503 adtentaverit.

127 517 168 557 2.»
223 518 350 568 Idem,
372 514 467 557 ¹eum
497 520 648 558 videret
684 531 776 559 suos
810 532 963 572 pugnae
993 521 1143 571 signum
1173 521 1391 560 inconsulte

16 574 232 624 flagitantes
259 574 515 627 crederetque
539 582 719 627 rupturos
751 577 974 628 imperium,
1000 578 1072 615 nisi
1103 577 1390 628 congrederen-

16 635 91 679 tur,
114 631 284 682 permisit
310 637 455 670 turmae
475 632 643 683 equitum
665 632 712 672 ad
732 632 984 672 lacessendos
1016 632 1151 672 hostes
1173 635 1249 678 ire;
1282 633 1390 673 labo-

17 686 191 737 rantique
217 687 389 726 submisit
420 687 537 737 alias,
573 694 611 726 et
641 689 698 727 sie
724 690 874 741 recepit
908 700 1063 727 omnes:
1094 695 1171 728 tum
1199 691 1389 742 utrisque,

18 742 108 780 tutis
138 748 176 780 et
209 743 291 782 sine
322 753 443 791 noxa,
484 743 671 794 ostendit,
708 745 794 796 quis
824 745 951 784 exitus
987 745 1194 796 flagitatam
1223 758 1390 798 pugnam

16 797 231 838 mansisset.
288 797 652 850 Obsequentissimis
681 800 769 839 inde
790 802 847 840 eis
867 813 958 840 usus
985 807 1057 840 est.

129 852 167 892 3.
224 852 434 903 Agesilaus
467 854 814 904 Lacedaemonius,
849 869 934 895 cum
968 857 1155 896 adversus
1182 857 1389 896 Thebanos

18 914 144 947 castra
172 919 291 960 super
309 909 430 960 ripam
456 912 652 961 posuisset
684 911 881 963 multoque
907 914 1090 952 maiorem
1120 914 1284 953 hostium
1314 926 1390 953 ma-

0 970 103 1002 ‘num
124 975 213 1003 esse
233 965 488 1015 intelligeret,
511 973 550 1005 et
570 967 658 1005 ideo
685 979 776 1006 suos
804 980 941 1007 arcere
965 981 986 1007 a
1016 970 1222 1020 cupiditate
1252 970 1390 1009 decer-

16 1020 131 1060 nendi
161 1020 302 1069 vellet,
331 1021 447 1070 dixit,
478 1034 668 1074 responso
703 1023 826 1062 Deum
859 1037 902 1063 se
942 1036 992 1063 ex
1021 1025 1187 1064 collibus
1218 1037 1389 1076 pugnare

17 1076 178 1120 iussum;
211 1082 251 1115 et
278 1078 329 1115 ita
365 1078 507 1128 exiguo
544 1079 738 1130 praesidio
767 1079 815 1118 ad
845 1081 965 1131 ripam
997 1080 1125 1132 posito
1148 1083 1316 1120 accessit
1352 1083 1390 1120 in

18 1131 155 1171 colles⁸>
185 1131 298 1180 Quod
315 1132 486 1173 Thebani
506 1146 577 1186 pro
599 1142 710 1174 metu1
721 1137 960 1187 interpretati
980 1138 1210 1176 transierunt
1230 1138 1388 1180 flumen:

18 1194 58 1226 et
75 1199 162 1226 ‘cum
182 1188 298 1227 facile
319 1189 558 1240 depulissent
579 1192 831 1241 praesidium,
863 1198 1018 1232 ceteros
1041 1194 1202 1232 insecuti
1226 1194 1388 1243 avidius,

16 1244 212 1295 iniquitate
235 1244 408 1283 locorum
429 1258 450 1285 a
471 1247 717 1297 paucioribus
736 1249 827 1287 victi
848 1254 947 1287 sunt.

126 1300 166 1339 4.
225 1301 389 1350 Scorylo
410 1302 486 1341 dux
507 1302 723 1353 Dacorum,
755 1316 839 1343 cum
865 1305 983 1343 sciret
1006 1305 1253 1345 dissociatum
1276 1307 1390 1344 armis

15 1354 192 1409 civilibus
220 1357 403 1408 populum
423 1357 654 1408 Romanum,
689 1372 815 1412 neque
838 1366 965 1402 tamen
992 1360 1065 1399 sibi
1086 1362 1304 1401 tentandum
1331 1375 1388 1400 ar-

14 1410 242 1461 bitraretur,
269 1414 355 1463 quia
383 1419 547 1453 externo
575 1415 682 1454 bello
710 1422 846 1466 posset
871 1417 1078 1455 concordia
1110 1418 1145 1456 in
1167 1419 1275 1458 cives
1299 1430 1388 1457 coa-

13 1466 189 1516 lescere,
222 1468 318 1507 duos
353 1481 469 1508 canes
502 1472 540 1509 in
575 1478 788 1523 conspectu
825 1473 1066 1524 popularium
1099 1476 1292 1513 commisit
1326 1476 1389 1513 iis-

17 1533 92 1572 que
119 1525 306 1563 acerrime
337 1526 434 1564 inter
470 1527 578 1578 ipsos
607 1528 861 1579 pugnantibus
893 1528 1022 1579 lupum
1053 1531 1241 1580 ostendit,
1276 1543 1391 1582 quem

17 1579 189 1627 protinus
205 1591 320 1618 canes
337 1583 476 1620 omissa
497 1583 595 1621 inter
622 1596 666 1622 se
688 1585 742 1621 ira
763 1584 938 1633 adgressi
960 1590 1057 1623 sunt.
1104 1585 1190 1632 Quo
1208 1586 1390 1637 exemplo

17 1633 209 1683 prohibuit
233 1635 419 1675 barbaros
442 1637 490 1676 ab
506 1639 668 1689 impetu,
695 1639 876 1678 Romanis
899 1640 1114 1691 profuturo.

550 1747 580 1787 C
593 1749 626 1787 A
635 1749 704 1789 PU
714 1749 744 1788 T
774 1749 810 1789 X
819 1749 847 1788 Ι.

17 1828 382 1867 QUEMADMODUM
402 1833 683 1866 mcrrANDth
701 1835 772 1866 SIT
791 1837 855 1867 AD
866 1837 1103 1869 PRoEan
1116 1838 1387 1869 Exmtmws.

131 1912 164 1950 1.
203 1910 253 1951 M.
283 1911 424 1951 Fabius
455 1919 495 1952 et
526 1912 595 1953 Cn.
622 1914 784 1954 Manlius
818 1917 998 1956 consules
1033 1918 1220 1958 adversus
1252 1919 1386 1958 Etrus-

13 1978 104 2016 cos,
139 1974 301 2019 propter
328 1968 539 2008 seditiones
574 1971 811 2011 detractante
850 1974 1037 2024 proelium
1066 1977 1256 2025 exercitu,
1290 1976 1388 2014 ultro

15 2022 238 2062 simularunt
260 2025 565 2075 cunctationem,
595 2027 720 2066 donec
735 2029 874 2068 milites
894 2030 1049 2081 probris
1069 2031 1234 2070 hostium
1260 2033 1387 2070 coacti

12 2089 178 2129 pugnam
203 2079 463 2131 deposcerent
493 2082 737 2134 iurarentque
765 2096 808 2124 se
834 2097 884 2124 ex
911 2098 957 2125 ea
980 2087 1153 2126 victores
1180 2088 1387 2126 redituros.

126 2134 164 2176 2.
206 2134 361 2174 Fulvius
380 2135 570 2186 Nobilior,
591 2151 675 2176 cum
693 2139 879 2179 adversus
899 2142 1118 2181 Samnitium
1143 2154 1388 2181 numerosum

12 2190 224 2229 exercitum
245 2198 283 2230 et
303 2193 553 2232 successibus
574 2194 751 2233 tumidum
765 2197 892 2246 parvis
911 2199 1032 2249 copiis
1050 2211 1217 2237 necesse
1230 2197 1390 2236 haberet

10 2244 237 2294 decertare,
270 2248 458 2287 simulavit
488 2261 597 2287 unam
627 2249 819 2300 legionem
841 2252 1006 2292 hostium
1036 2267 1057 2293 a
1094 2267 1137 2292 se
1170 2259 1388 2304 corruptam

11 2299 58 2338 atl
97 2301 372 2353 proditionem,
414 2305 693 2357 imperavitque
721 2307 768 2346 ad
803 2309 884 2347 eius
920 2311 978 2348 rei
1013 2310 1126 2349 fidem
1161 2308 1320 2348 tribunis
1350 2316 1388 2348 et
