1566 2496
132 121 209 160 134
481 140 498 147 κ
576 129 675 160 SEX.
703 130 820 161 IULII
849 130 1074 162 FRONTINI

129 232 423 282 diligentissima
466 232 557 282 lege
601 232 901 283 prohiberentur
940 245 1146 286 poenaque
1190 245 1266 272 non
1309 234 1516 274 mediocris

130 288 420 328 contumacibus
441 287 721 327 intentaretur?
760 288 868 337 Quae
890 289 1126 342 subscripsi,
1153 296 1239 328 sunt
1259 290 1380 330 verba
1400 291 1515 342 legis.

247 345 338 384 129.
399 354 441 383 T.
475 354 692 392 QUINTIUS
735 353 972 386 CRISPINUS
1013 354 1111 386 cos.
1149 355 1370 386 POPULUM
1405 356 1516 387 IURE

130 410 336 441 ROGAVIT
377 410 680 449 POPULUSQUE
719 411 829 441 IURE
868 411 1040 455 SOIVIT,
1085 412 1135 442 IN
1166 411 1288 443 FORO
1317 412 1408 443 PRO
1436 412 1516 443 RO—

131 467 259 498 STRIS
297 466 436 504 AEDIS
474 467 576 497 DIVI
612 467 750 510 IULII,
788 469 828 498 P.
847 469 894 498 K.
923 467 1094 499 IULIAS.
1153 468 1318 499 TRIBUS
1336 468 1517 500 SERGIA

130 524 404 554 PRINCIPIUM
441 523 564 554 FUIT.
624 524 715 554 PRO
747 525 889 554 TRIBU
920 525 1020 555 SEX.
1051 525 1094 555 L.
1112 525 1154 555 E.
1185 524 1356 555 VARRO.
1417 525 1516 564 9111-

131 580 317 618 OUNQUE
357 580 473 611 POST
512 580 639 611 HANO
679 581 840 611 LEGEM
881 580 1107 612 ROGATAM
1136 581 1294 625 RIVOS,
1335 581 1517 624 SPEOUS,

128 636 378 679 EORNIOES,
402 636 647 680 EISTULAS,
674 636 903 679 TUBULOS,
926 637 1184 680 OASTELLA,
1204 637 1350 668 LAOUS
1371 637 1516 677 ,19οΑ-

129 694 228 724 RUM
254 693 576 735 PUBLIOARUM,
617 694 740 732 QUAE
770 694 832 723 AD
862 694 1022 723 URBEM
1052 693 1324 738 DUOUNTUR,
1356 693 1515 725 SOIENS

128 750 258 781 DOLO
297 750 426 780 MALO
466 749 754 792 FORAVERIT,
793 750 1016 794 RUPERIT,
1057 749 1279 781 FORANDA
1308 750 1517 780 RUMPEN—

128 807 256 838 DAVE
288 805 573 849 CURAVERIT,
609 805 840 836 PEIORAVE
871 805 1094 849 EECERIT,
1126 806 1223 845 9110
1254 806 1396 837 MINUS
1426 806 1518 836 EAE

129 863 287 901 AQUAE
326 862 547 892 EARUMVE
588 862 808 902 QUAEQUE
836 863 886 893 IN
913 863 1074 894 URBEM
1103 863 1271 894 ROMAM
1299 863 1399 905 IRE,
1442 862 1517 893 CA-

128 920 275 962 DERE,
315 919 518 962 ELUERE,
555 919 840 962 PERVENIRE,
870 918 984 950 DUOI
1014 919 1229 963 POSSINT,
1261 919 1416 959 QUOVE
1446 919 1517 950 MI-

127 976 216 1007 NUS
258 976 307 1006 IN
343 975 466 1006 URBE
504 975 635 1006 ROMA
673 977 731 1006 ΕΤ
769 976 819 1006 IN
848 975 908 1007 118
939 975 1216 1020 AEDIFIOIIS,
1255 976 1380 1015 QUAE
1407 975 1519 1006 URBI

130 1032 452 1064 CONTINENTIA
484 1031 624 1074 SUNT,
662 1032 839 1075 ERUNT,
878 1032 929 1063 IN
957 1032 1033 1063 HIS
1060 1032 1254 1076 HORTIS,
1285 1031 1517 1074 PRAEDIIS,

130 1089 297 1131 LOCIS,
348 1089 544 1127 QUORUM
588 1088 873 1132 HORTORUM,
919 1088 1250 1132 PRAEDIORUM,
1293 1088 1518 1120 LOCORUM

128 1145 328 1177 DOMINIS
359 1145 788 1176 POSSESSORIBUSVE
818 1145 946 1184 AQUA
974 1145 1104 1176 DATA
1129 1145 1220 1176 VEL
1244 1145 1517 1176 ADTRIBUTA

128 1203 213 1234 EST
244 1203 334 1232 VEL
364 1203 495 1244 ERIT,
535 1202 723 1244 SALIAT,
754 1201 1125 1244 DISTRIBUATUR,
1154 1201 1438 1244 DIVIDATUR,
1468 1201 1517 1231 IN

130 1259 395 1301 OASTELLA,
446 1258 594 1289 LAOUS
640 1258 960 1290 IMMITTATUR:
1012 1258 1053 1290 IS
1093 1258 1278 1289 POPULO
1321 1257 1517 1289 ROMANO

130 1316 322 1346 OENTUM
353 1315 488 1346 MILIA
510 1316 636 1345 DARE
662 1314 854 1345 DAMNAS
877 1314 1010 1345 ESTO.
1070 1315 1130 1344 ET
1152 1314 1233 1353 9111
1255 1314 1382 1345 OLAM
1403 1314 1517 1353 QUID

128 1372 292 1403 EORUM
341 1372 421 1401 ITA
471 1371 693 1412 FECERIT,
741 1371 792 1400 ID
833 1370 962 1400 OMNE
1009 1370 1226 1413 SAROIRE,
1274 1370 1517 1412 REFIOERE,

127 1428 439 1469 RESTITUERE,
466 1426 772 1469 AEDIEIOARE,
797 1426 980 1456 PONERE
1001 1427 1060 1456 ET
1077 1425 1256 1456 OELERE
1273 1426 1518 1457 DEMOLIRE

127 1484 319 1516 DAMNAS
350 1483 490 1526 ESTO,
525 1483 629 1513 SINE
653 1482 782 1513 DOLO
807 1482 936 1513 MALO
961 1481 1117 1520 ATQUE
1140 1482 1290 1513 OMNIA
1311 1483 1412 1526 ITA,
1442 1483 1517 1524 UT,

130 1540 405 1581 QUIOUMQUE
438 1539 657 1570 OURATOR
684 1539 912 1578 AQUARUM
941 1538 1048 1580 EST,
1081 1531 1212 1581 ERIT‘,
1242 1538 1336 1569 AUT
1368 1539 1411 1570 SI
1441 1538 1518 1569 011-

128 1597 288 1629 RATOR
325 1597 553 1635 AQUARUM
590 1595 721 1626 NEMO
760 1596 893 1638 ERIT,
939 1595 1037 1625 TUM
1076 1595 1117 1626 IS
1155 1595 1394 1638 PRAETOR,
1437 1595 1518 1634 QUI

128 1655 272 1685 INTER
319 1653 450 1684 OIVES
495 1654 555 1683 ET
594 1651 886 1683 PEREGRINOS
924 1651 998 1682 1118
1035 1651 1188 1694 DIOIT,
1234 1652 1418 1695 MULTA,
1454 1651 1517 1682 PI-

129 1710 367 1742 ONORIBUS
409 1709 603 1751 COGITO,
644 1708 918 1751 COERCETO„
944 1708 1086 1747 EIQUE
1126 1707 1380 1751 CURATORI,
1424 1707 1518 1738 AUT

129 1769 170 1798 SI
210 1767 427 1797 OURATOR
465 1766 561 1797 NON
596 1766 727 1808 ERIT,
769 1766 867 1795 TUM
899 1765 947 1794 EI
979 1764 1215 1795 PRAETORI
1243 1764 1304 1795 EO
1334 1764 1518 1795 NOMINE

129 1824 357 1866 COGENDI,
384 1822 670 1863 COERCENDI,
697 1822 888 1852 MULTAE
908 1821 1151 1851 DIOENDAE
1175 1821 1279 1851 SIVE
1301 1820 1517 1852 PIGNORIS

129 1880 353 1910 CAPIENDI
405 1878 478 1909 IUS
531 1878 864 1916 POTESTASQUE
917 1876 1050 1908 ESTO.
1111 1876 1154 1907 SI
1197 1877 1310 1916 QUID
1357 1876 1519 1908 EORUM

129 1935 304 1967 SERVUS
339 1935 558 1977 FECERIT,
590 1934 802 1965 DOMINUS
833 1934 938 1964 EIUS
968 1933 1026 1964 HS
1057 1932 1247 1964 CENTUM
1276 1933 1412 1963 MILIA
1440 1931 1517 1964 PO—

127 1991 250 2026 PULO
290 1992 398 2021 DET.
459 1991 501 2021 SI
537 1990 642 2029 QUIS
682 1990 820 2021 OIROA
848 1990 1006 2033 RIVOS,
1046 1989 1237 2032 SPEOUS‚
1276 1987 1516 2029 FORMOES,

128 2047 372 2090 EISTULAS,
399 2047 633 2088 TUBULOS,
659 2047 917 2089 OASTELLA,
944 2045 1092 2076 LAOUS
1113 2045 1340 2084 AQUARUM
1359 2043 1516 2075 PUBLI-

129 2092 309 2146 OARUM,
339 2103 463 2142 QUAE
497 2104 561 2133 AD
590 2104 750 2134 URBEM
778 2103 946 2133 ROMAM
975 2102 1229 2133 DUOUNTUR
1257 2101 1318 2131 ET
1343 2099 1516 2131 DUOEN-

131 2162 246 2202 TUR,
278 2159 575 2191 TERMINATUS
598 2159 847 2202 STETERIT,
878 2160 940 2189 NE
970 2158 1075 2205 QUIS
1105 2158 1157 2188 IN
1175 2157 1236 2188 Eo
1258 2155 1380 2187 LOCO
1399 2155 1515 2187 POST

130 2217 263 2248 HANG
291 2216 449 2247 LEGEM
478 2215 704 2245 ROGATAM
729 2215 842 2254 QUID
867 2214 1124 2257 OBPONITO,
1153 2211 1351 2256 MOLITO,
1381 2212 1516 2244 OBSE-

127 2274 263 2315 PITO,
296 2271 477 2314 FIGITO,
509 2271 755 2313 STATUITO,
786 2271 979 2314 PONITO,
1012 2267 1309 2310 CONLOOATO,
1346 2267 1515 2311 ARATO‚

129 2330 316 2372 SERITO,
358 2329 481 2360 NEVE
510 2328 559 2358 IN
589 2327 686 2357 EUM
716 2327 830 2366 QUID
859 2325 1134 2368 IMMITTITO,
1166 2324 1515 2364 PRAETERQUAM
