1566 2496
286 137 736 170 s'rnnnenm'rlcon
765 139 858 171 Lm.
887 138 936 170 11.
966 138 1068 170 cAP.
1099 139 1162 170 Ν.
1357 131 1410 171 39

34 242 138 282 tinae
171 247 326 295 quoque
355 241 510 292 linguae
538 254 646 281 usum
676 242 713 281 ei
743 243 988 282 conversatio
1017 244 1175 295 pristina
1196 249 1410 282 castrorum

35 297 229 347 dedisset,
254 298 294 336 in
317 298 477 349 primam
504 299 628 337 aciem
655 300 898 350 procucurrit
928 305 967 338 et
989 300 1161 338 occisum
1189 299 1237 338 ab
1268 311 1312 338 se
1332 299 1410 339 Ma-

15 380 18 381 r
35 355 130 393 rium
150 353 266 393 latine
289 353 456 393 clamare
474 356 626 406 coepit,
656 361 772 406 atque
788 355 840 395 ita
861 355 1002 394 multos
1019 362 1237 394 nostrorum
1256 357 1409 395 avertit.

75 448 82 453 ,
147 409 214 450 11.
270 408 494 459 Πγῐοιιίᾶεε
509 410 780 459 Atheniensis,
805 410 921 450 dubio
938 412 1091 463 proelio
1107 412 1292 451 adversus
1310 411 1410 451 The·

34 465 158 505 banos
184 477 268 504 rem
293 465 458 517 gerens,
489 473 652 518 repente
682 468 720 506 in
748 466 923 507 dextrum
950 479 1105 506 suorum
1134 480 1254 508 cornu
1284 469 1410 521 prosi-

34 522 104 563 luit
132 528 172 561 et
199 522 452 571 exclamavit,
490 524 644 562 sinistro
681 525 753 562 iam
789 535 834 562 se
872 525 1036 563 vicisse:
1070 537 1146 576 qua
1181 537 1224 564 re
1263 532 1303 564 et
1330 526 1411 563 suis

34 578 233 618 alacritate
257 584 296 617 et
324 577 499 617 hostibus
525 586 627 618 metu
652 581 794 618 iniecto
825 581 930 619 vicit.

148 633 214 673 12.
274 632 413 684 Cyrus,
436 634 623 674 adversus
640 634 852 686 Croesum,
871 636 1097 688 praevalido
1119 636 1285 676 hostium
1306 638 1411 688 equi-

35 689 128 728 tatui
151 689 382 729 camelorum
405 703 567 742 gregem
595 691 798 743 obposuit;
830 704 991 744 quorum
1021 694 1191 732 novitate
1222 699 1261 732 et
1290 693 1414 731 odore

38 738 279 785 consternati
307 748 397 797 equi
431 758 508 785 non
542 747 666 786 solum
699 749 911 802 insidentes
939 750 1310 800 praecipitaverunt,
1341 749 1414 788 sed

14 801 208 852 xpeditum
245 813 399 853 quoque
430 814 585 842 suorum
629 805 784 843 ordines
823 806 1085 857 protriverunt
1118 806 1414 858 vincendosque

38 856 140 896 hosti
167 857 438 908 praebuerunt.
1166 894 1170 896 ,

155 911 221 952 13.
277 913 445 962 Pyrrhus
474 913 718 965 Epirotarum
748 928 840 965 rex,
872 928 943 968 pro
980 916 1195 955 Tarentinis
1227 918 1414 957 adversus

41 968 257 1019 Romanos,
295 969 436 1008 eodem
469 970 584 1009 modo
626 971 842 1023 elephantis
880 973 928 1011 ad
964 973 1261 1024 perturbandam
1291 975 1415 1012 aciem

39 1036 131 1064 usus
158 1031 231 1064 est.

38 1138 58 1176 f
127 1082 218 1139 ⁷¹4·
282 1080 401 1120 Poeni
438 1093 593 1133 quoque
634 1083 822 1122 adversus
859 1083 1055 1123 Romanos
1095 1085 1196 1124 idem
1238 1085 1417 1124 fecerunt

56 1142 275 1189 requenter.

154 1193 228 1232 15:
276 1193 509 1232 Volscorum
547 1201 672 1234 castra
713 1207 798 1234 cum
823 1207 948 1247 prope
974 1208 995 1235 a
1022 1197 1199 1247 virgultis
1228 1196 1414 1248 silvisque

40 1249 167 1301 posita
200 1255 354 1299 essent,
394 1248 574 1289 Camillus
613 1263 659 1290 ea
690 1253 839 1301 omnia,
881 1264 981 1303 quae
1019 1259 1250 1304 conceptum
1288 1254 1417 1304 ignem
1474 1264 1478 1270 ·

41 1305 163 1356 usque
191 1306 230 1344 in
251 1305 392 1344 vallum
410 1306 588 1358 perferre
616 1313 815 1359 poterant,
843 1308 1010 1347 incendit
1030 1315 1070 1348 et
1090 1311 1147 1348 sic
1169 1309 1418 1348 adversarios

42 1361 148 1400 exuit
176 1362 326 1400 castris.

154 1417 221 1457 16.
278 1417 320 1456 P.
346 1416 510 1456 Crassus
542 1418 649 1458 bello
682 1419 820 1458 sociali
858 1420 997 1472 eodem
1027 1421 1142 1460 modo
1176 1433 1303 1474 prope
1332 1434 1418 1461 cum

41 1473 167 1524 copiis
194 1473 369 1512 omnibus
400 1475 636 1526 interceptus
666 1482 737 1514 est.
836 1520 838 1523 ¹

157 1529 222 1568 17.
267 1528 438 1580 »Hispani
469 1538 601 1570 contra
630 1530 883 1570 Hamilcarem
915 1532 1040 1571 boves
1068 1533 1257 1572 vehiculis
1286 1533 1415 1572 adiun-

42 1588 129 1622 ‘ctos
162 1585 202 1622 in
236 1585 358 1636 prima
385 1585 513 1624 fronte
547 1589 823 1626 constituerunt
851 1587 1108 1640 vehiculaque
1141 1589 1301 1638 taedae,
1332 1589 1418 1628 sebi

44 1644 86 1677 et
120 1639 311 1691 sulphuris
346 1640 482 1691 plena,
523 1644 633 1693 signo
671 1655 825 1693 pugnae
865 1643 976 1693 dato,
1012 1645 1285 1683 incenderunt:
1321 1647 1418 1684 actis

44 1693 182 1733 deinde
209 1696 247 1732 in
274 1695 424 1734 hostem
451 1696 574 1736 bubus
604 1704 884 1737 consternatam
910 1701 1031 1739 aciem
1061 1706 1331 1752 perruperunt.

160 1750 224 1789 18.
259 1749 423 1790 ·Falisci
461 1758 501 1791 et
531 1752 851 1804 Tarquinienses,
891 1756 1152 1805 compluribus
1189 1765 1345 1796 suorum
1381 1758 1418 1796 in

44 1804 210 1844 habitum
234 1807 478 1846 sacerdotum
507 1808 749 1859 subornatis,
787 1810 895 1849 faces
925 1818 963 1851 et
989 1825 1135 1863 angues
1166 1813 1419 1864 praeferenti·

46 1860 138 1910 bus,
169 1861 295 1900 furiali
323 1863 478 1901 incessu
505 1866 629 1903 aciem
655 1865 912 1906 Romanorum
940 1869 1205 1908 turbaverunt.

162 1917 227 1957 19.
293 1917 399 1957 Idem
425 1918 611 1959 Veientes
649 1927 687 1960 et
726 1921 929 1963 Fidenates
967 1925 1118 1964 facibus
1157 1925 1327 1978 adreptis
1362 1925 1416 1964 fe-

47 1979 194 2012 cerunt.

159 2028 251 2068 20.·
282 2029 429 2077 Atheas
462 2043 534 2070 rex
565 2032 813 2084 Scytharum,
852 2047 937 2074 cum
969 2037 1156 2076 adversus
1192 2032 1418 2089 ampliorem

46 2083 302 2124 Triballorum
332 2087 544 2125 exercitum
574 2088 824 2139 confligeret,
841 2092 963 2131 iussit
991 2105 1013 2131 a
1041 2093 1192 2132 feminis
1222 2100 1268 2137 et
1287 2094 1417 2144 pueris

46 2142 223 2192 omnique
261 2141 407 2180 imbelli
441 2143 551 2182 turba
585 2156 729 2194 greges
759 2147 949 2186 asinorum
979 2161 1025 2188 ac
1051 2149 1163 2188 boum
1193 2150 1239 2188 ad
1265 2155 1416 2200 postre-

46 2197 341 2236 mamrhostium
376 2200 498 2236 aciem
537 2199 732 2239 admoveri
771 2208 810 2240 et
843 2211 997 2243 erectas
1035 2205 1165 2244 hastas
1199 2204 1415 2255 praeferri:

44 2250 182 2290 famam
211 2253 348 2292 deinde
381 2254 551 2303 diffudit,
589 2262 777 2307 tamquam
806 2259 945 2298 auxilia
980 2260 1053 2299 sibi
1091 2261 1138 2299 ab
1168 2259 1415 2299 ulterioribus

46 2306 200 2355 Scythis
224 2308 492 2355 adventarent;
525 2323 599 2364 qua
628 2312 936 2355 adseveratione>
952 2318 1091 2355 avertit
1114 2317 1277 2354 hostem.
