1566 2496
130 138 182 178 76
568 147 668 178 SEx.
699 146 814 178 1111211
843 147 1068 178 Fnomum

129 258 307 303 quattuor
338 251 460 300 milia,
500 262 598 302 quae
635 251 856 302 praedatum
883 251 1011 289 forent
1037 251 1174 298 missa,
1212 262 1332 301 posse
1363 252 1504 303 excipi.
1563 273 1566 299 ὲ

128 307 314 347 Otacilius
342 320 416 346 nec
444 309 568 346 statim
597 308 759 346 credidit
777 308 1020 357 transfugae,
1053 318 1127 346 nec
1145 312 1272 346 tamen
1291 320 1374 346 rem
1395 320 1504 359 sper-

127 365 288 403 nendam
325 370 453 413 ratus,
493 363 681 414 disposuit
719 364 756 402 in
793 364 939 403 insidiis
968 363 1216 402 lectissimam
1242 375 1397 402 suorum
1427 376 1504 403 ma·

127 433 228 459 num.
289 420 350 459 Ab
390 433 436 459 ea
465 419 561 458 Galli
599 421 755 471 excepti
788 420 994 471 dupliciter
1020 419 1216 458 Hannonis
1247 420 1410 459 consilio
1445 431 1506 458 sa·

125 477 366 527 tisfecerunt,
403 482 441 515 et
478 488 527 515 ex
563 475 744 515 Romanis
781 488 891 515 raros
938 475 1160 515 ceciderunt
1204 482 1242 515 et
1273 477 1347 529 ipsi
1374 487 1508 515 omnes

126 534 321 573 interfecti
349 539 447 572 sunt.
1504 535 1507 538 '

239 591 277 631 4.
333 589 521 629 Hannibal
557 589 669 627 simili
706 588 868 628 consilio
906 601 949 627 se
986 602 1006 628 a
1046 589 1256 640 transfugis
1293 589 1394 628 ultus
1432 595 1504 628 est.

127 645 222 685 Nam
261 659 345 685 cum
382 646 533 696 aliquos
572 658 622 684 ex
657 645 838 684 militibus
863 645 941 683 suis
972 646 1090 684 sciret
1114 646 1300 684 transisse
1331 646 1505 696 proxima

128 709 266 753 nocte,
289 715 362 741 nec
381 703 578 753 ignoraret
600 702 869 753 exploratores
892 700 1055 752 hostium
1075 702 1112 739 in
1134 701 1272 740 castris
1297 702 1375 739 suis
1401 713 1504 750 esse,

128 759 256 811 palam
287 759 567 810 pronuntiavit,
598 770 674 796 non
700 757 845 796 debere
876 758 1095 808 transfugas
1118 758 1251 796 vocari
1281 757 1506 796 sollertissi-

129 827 213 854 mos
242 815 403 864 milites,
443 815 506 865 qui
532 815 651 866 ipsius
682 815 786 852 iussu
818 814 982 852 exierint
1009 814 1055 853 ad
1081 813 1309 864 excipienda
1339 813 1505 852 hostium

131 871 305 911 consilia.
364 871 514 910 Auditis
548 883 646 921 quae
679 871 957 922 pronuntiavit,
987 869 1202 909 retulerunt
1230 869 1504 921 exploratores

129 928 177 967 ad
211 939 316 967 suos.
378 927 472 966 Tum
503 927 773 978 comprehensi
813 926 859 965 ab
895 925 1076 966 Romanis
1114 926 1338 976 transfugae
1365 931 1404 965 et
1429 937 1505 965 am-

128 985 268 1037 putatis
293 983 465 1022 manibus
494 984 645 1022 remissi
672 989 770 1024 sunt.
799 987 803 990 ’

244 1041 282 1079 5.
336 1040 552 1089 Diodorus,
580 1051 663 1077 cum
687 1039 881 1090 praesidio
913 1037 1160 1090 Amphipolin
1179 1043 1351 1087 tueretur
1372 1043 1411 1076 et
1428 1036 1504 1076 duo

127 1097 230 1136 milia
261 1096 449 1135 Thracum
482 1101 664 1147 suspecta
689 1095 873 1144 haberet,
906 1107 1005 1146 quae
1032 1094 1259 1133 videbantur
1286 1093 1421 1132 urbem
1449 1093 1505 1132 di-

129 1160 308 1205 reptura,
347 1153 528 1190 mentitus
567 1158 627 1190 est
659 1164 803 1203 paucas
842 1151 1006 1190 hostium
1035 1163 1154 1189 naves
1185 1151 1361 1201 proximo
1400 1149 1504 1188 litori

127 1210 363 1261 adplicuisse
389 1220 534 1259 easque
565 1209 674 1259 diripi
706 1219 837 1260 posse.
899 1208 988 1256 Qua
1010 1219 1081 1258 spe
1103 1206 1315 1245 stimulatos
1335 1205 1506 1245 Thracas

130 1267 254 1305 emisit
284 1278 330 1305 ac
358 1265 496 1304 deinde
528 1264 670 1303 clausis
699 1265 822 1316 portis
851 1275 928 1302 non
955 1263 1118 1314 recepit.

623 1375 653 1415 C
664 1376 698 1414 A
709 1376 737 1415 P
746 1376 780 1415 U
792 1376 822 1414 T
861 1375 897 1414 Χ
905 1376 940 1414 V
951 1375 1001 1415 ΙΙ.

594 1463 656 1493 DE
690 1462 1043 1494 ERUPTIONIBUS.

246 1551 282 1585 1.
336 1547 517 1596 Romani,
566 1546 630 1597 qui
668 1546 706 1583 in
751 1544 947 1595 praesidio
992 1543 1339 1584 Panormitanorum
1386 1550 1506 1593 erant,

132 1605 314 1643 veniente
352 1605 399 1644 ad
437 1602 678 1642 obsidionem
718 1600 979 1651 Hasdrubale,
1019 1612 1130 1640 raros
1167 1613 1217 1639 ex
1252 1600 1434 1639 industria
1470 1601 1508 1637 in

132 1661 249 1700 muris
270 1666 483 1711 posuerunt
507 1659 755 1699 defensores:
789 1668 948 1708 quorum
969 1658 1162 1708 paucitate
1182 1661 1400 1707 contempta
1424 1667 1509 1694 cum

133 1717 322 1756 incautius
355 1717 473 1756 muris
511 1714 744 1755 succederet
773 1713 1011 1763 Hasdrubal,
1043 1714 1244 1765 eruptione
1273 1712 1375 1765 facta
1405 1712 1508 1751 ceci-

131 1774 268 1812 derunt
297 1785 394 1812 eum.
1490 1817 1494 1821 Ι

247 1828 285 1866 2.
346 1829 531 1867 Aemilius
556 1827 732 1875 Paullus,
770 1826 960 1864 universis
988 1824 1190 1875 Liguribus
1225 1837 1275 1863 ex
1298 1823 1508 1875 improviso

132 1885 278 1924 adortis
317 1892 443 1924 castra
480 1885 586 1933 eius,
622 1883 797 1922 simulato
836 1884 972 1921 timore
1011 1881 1168 1920 militem
1205 1881 1267 1920 diu
1305 1880 1508 1923 continuit;

134 1941 273 1980 deinde
310 1940 470 1991 fatigato
516 1941 589 1978 iam
623 1939 757 1989 hoste,
794 1945 972 1990 quattuor
1007 1939 1128 1989 portis
1168 1937 1371 1988 eruptione
1396 1935 1510 1974 'facta

135 1998 268 2036 stravit
294 1998 475 2047 cepitque
506 1995 680 2046 Ligures.

249 2052 287 2093 3.
344 2052 472 2091 Livius
499 2051 723 2102 praefectus
752 2050 1029 2100 Romanorum,
1061 2061 1189 2088 arcem
1219 2047 1507 2088 Tarentinorum

135 2116 296 2158 tenens,
325 2109 426 2146 misit
450 2108 496 2146 ad
520 2107 797 2146 Hasdrubalem
827 2107 1001 2157 legatos,
1028 2112 1069 2144 ut
1097 2105 1203 2144 abire
1225 2104 1298 2142 sibi
1326 2101 1509 2140 incolumi

137 2165 293 2208 liceret:
332 2170 370 2203 et
404 2175 449 2202 ea
477 2163 717 2201 simulatione
748 2163 794 2202 ad
827 2164 1073 2201 securitatem
1104 2161 1329 2213 perductum
1357 2157 1509 2195 hostem

139 2222 340 2274 eruptione
370 2220 471 2259 facta
502 2219 654 2257 cecidit.
1232 2226 1233 2229 ¹

251 2277 291 2316 4.
350 2275 420 2318 Cn,
449 2275 673 2325 Pompeius,
715 2275 994 2313 circumsessus
1029 2273 1075 2312 ad
1103 2267 1403 2320 Dyrrhachium,
1433 2279 1510 2307 non

138 2340 280 2374 tantum
307 2333 507 2373 obsidione
533 2330 711 2370 liberavit
739 2342 843 2380 suos,
875 2342 1006 2369 verum
1036 2328 1147 2367 etiam
1174 2331 1263 2378 post
1291 2324 1507 2376 eruptione,
