1566 2496
217 157 280 188 DE
309 157 462 198 AQUAE
487 157 715 188 DUCTIBUS
737 156 871 188 muns
897 155 1056 188 ROMAE
1084 156 1237 188 LIBER.
1335 147 1409 187 101

46 271 158 312 quam
175 259 431 312 adquisiverat
456 261 514 299 rei
542 259 720 311 publicae
745 260 967 308 commodo,
1001 261 1111 298 trium
1138 259 1278 298 milium
1296 270 1416 310 opera

46 315 239 355 fabrorum
261 315 386 365 duxit,
419 317 479 354 cui
519 315 566 355 ab
606 322 766 355 auctore
794 315 961 355 Marciae
995 327 1134 355 nomen
1173 322 1245 354 est.
1304 315 1414 366 Legi·

45 383 130 410 mus
156 371 256 424 apud
284 370 568 421 Fenestellam,
606 372 643 410 in
668 372 765 411 haec
796 383 917 423 opera
947 371 1090 410 Marcio
1124 372 1323 410 decretum
1353 383 1414 410 se-

46 428 217 467 stertium
254 427 379 466 milies
412 429 686 479 octingenties.
746 428 823 467 Sed
859 429 1038 480 quoniam
1076 427 1122 467 ad
1151 439 1414 466 consumman-

44 483 133 523 dun
164 484 360 534 negotium
396 495 472 522 non
510 484 727 523 sufficiebat
764 485 924 535 spatium
956 491 1181 536 praeturae,
1214 486 1250 522 in
1280 495 1414 523 annum

44 538 203 578 alterum
238 545 299 578 est
331 546 593 591 prorogatum.
653 540 711 579 Eo
746 546 919 591 tempore
953 541 1184 589 decemviri,
1216 540 1302 579 dum
1330 540 1414 579 aliis

43 607 95 634 ex
134 595 262 634 causis
297 595 416 634 libros
462 596 672 645 Sibyllinos
714 597 939 647 inspiciunt,
986 598 1181 635 invenisse
1226 597 1413 643 dicuntur,

42 661 120 690 non
155 663 244 690 esse
273 663 408 702 aquam
436 651 636 702 Marciam,
668 653 738 691 sed
778 653 903 703 potius
930 652 1139 701 Anionem,
1170 675 1226 681 —
1261 653 1308 691 de
1340 652 1415 691 hoc

44 707 145 746 enim
184 709 416 746 constantius
451 708 633 757 traditur,
667 731 722 738 —-
764 709 801 747 in
840 707 1070 760 Capitolium
1110 708 1413 760 perducendam:

44 762 172 814 deque
199 774 246 801 ea
266 774 309 800 re
338 763 376 801 in
405 769 538 801 senatu
564 775 585 802 a
613 763 782 815 Lepido,
809 776 880 815 pro
910 765 1066 815 collega
1090 765 1210 803 verba
1232 765 1414 813 faciente,

46 823 171 856 actum
206 817 335 871 Appio
377 817 559 867 Claudio,
596 818 643 866 Q.
684 818 855 858 Caecilio
891 821 1136 870 consulibus,
1176 821 1414 871 eandemque

44 879 136 925 post
171 885 304 912 annum
341 875 492 927 tertium
534 885 555 912 a
589 873 629 912 L.
661 874 821 913 Lentulo
849 882 1110 915 retractatam:
1150 877 1219 916 sed
1250 883 1412 928 utroque

43 935 219 980 tempore
257 930 399 968 vicisse
438 930 597 980 gratiam
626 929 758 968 Marcii
792 930 932 981 Regis;
970 938 1085 982 atque
1115 934 1164 971 ita
1194 934 1232 971 in
1258 931 1413 984 Capito·

46 984 135 1023 lium
162 996 251 1023 esse
278 997 414 1036 aquam
440 985 674 1035 perductam.
735 985 960 1037 Concipitur
982 986 1124 1026 Marcia
1150 990 1212 1026 via
1240 988 1411 1037 Valeria,

45 1040 94 1080 ad
118 1040 316 1079 miliarium
342 1050 510 1090 XXXVI,
541 1041 767 1080 diverticulo
790 1043 966 1081 euntibus
993 1043 1040 1081 ab
1065 1043 1162 1082 urbe
1183 1043 1303 1082 Roma
1320 1043 1413 1082 dex·

42 1101 192 1134 trorsns
223 1097 362 1149 milium
390 1109 569 1148 passuum
596 1098 717 1136 trium.
778 1099 1006 1137 Sublacensi
1038 1106 1185 1149 autem,
1218 1111 1316 1151 quae
1344 1099 1413 1138 sub

44 1150 200 1190 Nerone
234 1152 412 1203 Principe
447 1154 606 1204 primum
643 1160 760 1193 strata
795 1161 876 1203 est,
919 1155 966 1194 ad
997 1156 1197 1194 miliarium
1228 1165 1412 1194 XXXVIII

43 1207 310 1257 sinistrorsus,
347 1209 443 1247 intra
474 1210 634 1260 spatium
659 1222 838 1260 passuum
864 1211 1139 1261 ducentorum,
1171 1212 1329 1251 fontium
1359 1212 1413 1250 in-

43 1262 146 1302 finita
172 1263 406 1303 multitudine
431 1265 501 1303 sub
530 1265 739 1304 fornicibus
770 1269 938 1317 petraeis
968 1269 1152 1317 scatenti,
1186 1274 1259 1307 stat
1279 1269 1412 1306 immo—

43 1317 132 1358 bilis
158 1321 282 1369 stagni
306 1321 442 1369 modo,
473 1321 609 1360 colore
638 1323 832 1373 pervii-idi.
891 1322 1039 1362 Ductus
1070 1325 1153 1362 eius
1184 1324 1302 1362 habet
1329 1324 1410 1362 lon·

41 1374 247 1425 gitudinem
274 1387 296 1414 a
328 1377 454 1427 capite
489 1377 535 1415 ad
565 1377 699 1416 urbem
723 1390 904 1429 passuum
932 1388 1013 1418 LXI
1049 1380 1191 1418 milium
1219 1388 1345 1419 Dccx
1374 1386 1413 1419 et

42 1431 180 1469 semis:
215 1432 299 1470 rivo
326 1432 579 1471 subterraneo
601 1445 780 1484 passuum
803 1444 882 1473 LIV
909 1436 1049 1474 milium
1071 1444 1256 1474 CCXLVII
1284 1443 1321 1474 et
1350 1449 1411 1475 se·

41 1486 132 1530 mis;
161 1498 282 1538 opere
311 1500 426 1539 supra
450 1495 588 1527 terram
616 1501 795 1540 passuum
820 1500 886 1529 VII
917 1491 1059 1530 milium
1084 1500 1333 1531 CCCCLXIII:
1363 1505 1413 1532 ex

43 1552 92 1593 eo
121 1541 274 1592 longius
301 1543 347 1581 ab
370 1543 464 1582 urbe
485 1544 658 1595 pluribus
686 1545 783 1584 locis
805 1547 997 1597 superiori
1024 1554 1133 1598 parte
1156 1549 1267 1587 vallis
1289 1560 1410 1600 opere

43 1603 199 1636 arcuato
235 1610 415 1648 passuum
449 1607 698 1643 OCCCLXIn:
738 1603 898 1652 propius
935 1602 1067 1641 urbem
1105 1615 1127 1642 a
1154 1613 1220 1642 VII
1247 1605 1410 1643 miliario

42 1649 327 1691 substructione
358 1666 537 1704 passuum
571 1664 774 1701 DXXVI113
801 1657 953 1708 reliquo
984 1670 1107 1710 opere
1138 1665 1294 1698 arcuato
1323 1672 1409 1712 pas·

45 1717 152 1745 snum
180 1715 228 1745 VI
253 1708 393 1749 milium
423 1717 679 1749 ccccnxxn.

157 1761 196 1801 8.
250 1762 320 1802 Cn.
359 1764 545 1803 Servilius
577 1764 722 1817 Caepio
759 1773 798 1805 et
826 1766 866 1805 L.
895 1766 1050 1808 Cassius
1092 1769 1306 1820 Longinus,
1347 1773 1411 1822 qui

43 1815 193 1856 Ravilla
222 1819 438 1869 appellatus
473 1826 549 1869 est,
576 1833 784 1872 censores,
819 1835 916 1862 anno
944 1832 1031 1876 post
1060 1825 1193 1863 urbem
1223 1826 1412 1866 conditam

46 1881 260 1923 Dcxxvn,
295 1873 347 1912 Μ.
385 1874 532 1914 Plautio
574 1876 777 1928 Hypsaeo,
813 1878 949 1918 Fulvio
987 1880 1132 1920 Flacco
1172 1882 1408 1931 consulibus,

43 1939 202 1980 aquam,
235 1941 333 1980 quae
362 1937 523 1969 vocatur
548 1931 717 1984 Tepula,
745 1946 794 1972 ex
815 1946 907 1985 agro
928 1935 1161 1986 Lucullano,
1193 1950 1304 1989 quem
1328 1941 1407 1990 qui-

42 1983 127 2023 dam
154 1983 407 2024 Tusculanum
434 1987 618 2038 credunt,
647 1988 806 2028 Romam
836 1997 874 2029 et
902 1993 939 2030 in
970 1992 1199 2044 Capitolium
1218 1995 1408 2034 adducen-

42 2039 128 2079 dam
158 2047 401 2080 curaverunt.
460 2041 607 2094 Tepula
637 2046 851 2096 concipitur
877 2048 938 2086 via
967 2048 1119 2098 Latina,
1151 2050 1199 2089 ad
1234 2060 1265 2089 X
1290 2051 1407 2088 milia·

42 2095 157 2145 rium,
179 2096 408 2136 diverticulo
429 2098 604 2137 euntibus
624 2100 672 2139 ab
687 2099 807 2140 Roma
828 2102 1051 2142 dextrorsus
1071 2105 1210 2144 milium
1229 2117 1408 2157 passuum

43 2148 175 2190 duum:
206 2153 293 2191 inde
320 2154 403 2192 rivo
434 2164 504 2191 suo
528 2155 566 2192 in
594 2155 727 2194 urbem
756 2158 1051 2208 perducebatur.

153 2206 193 2246 9.
237 2208 329 2247 Post
359 2208 408 2247 Μ.
441 2209 636 2262 Agrippa,
669 2212 804 2251 aedilis
840 2221 929 2265 post
964 2217 1123 2267 primum
1154 2216 1406 2265 consulatum,

44 2258 278 2311 Imperatore
306 2263 475 2304 Caesare
503 2265 679 2316 Augusto
702 2267 757 2318 11,
783 2268 823 2307 L.
848 2269 1026 2310 Volcatio
1051 2271 1284 2319 consulibus,
1309 2283 1406 2310 anno

46 2321 136 2366 post
166 2317 299 2359 urbem
335 2321 523 2360 conditam
560 2330 760 2373 DCCXIX,
799 2325 845 2364 ad
881 2327 1079 2366 miliarium
1113 2326 1160 2364 ab
1199 2325 1295 2365 urbe
1324 2336 1405 2376 XII,
