<?xml version="1.0" encoding="UTF-8"?>
<!DOCTYPE html PUBLIC "-//W3C//DTD XHTML 1.0 Transitional//EN"
    "http://www.w3.org/TR/xhtml1/DTD/xhtml1-transitional.dtd">
<html xmlns="http://www.w3.org/1999/xhtml" xml:lang="en" lang="en">
 <head>
  <title>
</title>
<meta http-equiv="Content-Type" content="text/html;charset=utf-8" />
  <meta name='ocr-system' content='tesseract 3.04.00' />
  <meta name='ocr-capabilities' content='ocr_page ocr_carea ocr_par ocr_line ocrx_word'/>
</head>
<body>
  <div class='ocr_page' id='page_1' title='image "./strategematiconl00fronuoft_0055.png"; bbox 0 0 1566 2496; ppageno 0'>
   <div class='ocr_carea' id='block_1_1' title="bbox 291 131 1419 187">
    <p class='ocr_par' dir='ltr' id='par_1_1' title="bbox 291 131 1419 187">
     <span class='ocr_line' id='line_1_1' title="bbox 291 131 1419 187; baseline -0.008 -10"><span class='ocrx_word' id='word_1_1' title='bbox 291 142 743 187; x_wconf 63' lang='lat' dir='ltr'><strong>smwssossm&#39;rlcon</strong></span> <span class='ocrx_word' id='word_1_2' title='bbox 770 142 863 173; x_wconf 73' lang='lat' dir='ltr'><strong>mn.</strong></span> <span class='ocrx_word' id='word_1_3' title='bbox 893 141 940 172; x_wconf 92' lang='lat'><strong>11.</strong></span> <span class='ocrx_word' id='word_1_4' title='bbox 971 141 1072 173; x_wconf 71' lang='lat' dir='ltr'><strong>eff.</strong></span> <span class='ocrx_word' id='word_1_5' title='bbox 1103 139 1171 173; x_wconf 91' lang='lat'><strong>111.</strong></span> <span class='ocrx_word' id='word_1_6' title='bbox 1366 131 1419 171; x_wconf 76' lang='lat'><strong>35</strong></span> 
     </span>
    </p>
   </div>
   <div class='ocr_carea' id='block_1_2' title="bbox 3 243 1432 2257">
    <p class='ocr_par' dir='ltr' id='par_1_2' title="bbox 48 243 1423 356">
     <span class='ocr_line' id='line_1_2' title="bbox 48 243 1423 298; baseline -0.007 -8"><span class='ocrx_word' id='word_1_7' title='bbox 48 251 143 290; x_wconf 78' lang='lat' dir='ltr'><strong>snit:</strong></span> <span class='ocrx_word' id='word_1_8' title='bbox 175 259 251 290; x_wconf 77' lang='lat' dir='ltr'><strong>nee</strong></span> <span class='ocrx_word' id='word_1_9' title='bbox 279 248 480 298; x_wconf 81' lang='lat' dir='ltr'><strong>continuas</strong></span> <span class='ocrx_word' id='word_1_10' title='bbox 511 247 724 286; x_wconf 83' lang='lat' dir='ltr'><strong>construxit</strong></span> <span class='ocrx_word' id='word_1_11' title='bbox 757 245 965 295; x_wconf 86' lang='lat' dir='ltr'><strong>cohortes,</strong></span> <span class='ocrx_word' id='word_1_12' title='bbox 995 245 1068 284; x_wconf 88' lang='lat' dir='ltr'><strong>sed</strong></span> <span class='ocrx_word' id='word_1_13' title='bbox 1096 243 1298 295; x_wconf 79' lang='lat' dir='ltr'>manipulis</span> <span class='ocrx_word' id='word_1_14' title='bbox 1324 244 1423 282; x_wconf 84' lang='lat' dir='ltr'><strong>inter</strong></span> 
     </span>
     <span class='ocr_line' id='line_1_3' title="bbox 49 299 1422 356; baseline -0.007 -9"><span class='ocrx_word' id='word_1_15' title='bbox 49 318 95 346; x_wconf 80' lang='lat' dir='ltr'><strong>se</strong></span> <span class='ocrx_word' id='word_1_16' title='bbox 122 303 347 347; x_wconf 71' lang='lat' dir='ltr'><strong>distantibus</strong></span> <span class='ocrx_word' id='word_1_17' title='bbox 373 304 539 356; x_wconf 86' lang='lat' dir='ltr'><strong>spatium</strong></span> <span class='ocrx_word' id='word_1_18' title='bbox 562 303 686 352; x_wconf 88' lang='lat' dir='ltr'><strong>dedit,</strong></span> <span class='ocrx_word' id='word_1_19' title='bbox 718 310 790 354; x_wconf 77' lang='lat' dir='ltr'><strong>pel·</strong></span> <span class='ocrx_word' id='word_1_20' title='bbox 819 301 923 354; x_wconf 90' lang='lat' dir='ltr'><strong>quod</strong></span> <span class='ocrx_word' id='word_1_21' title='bbox 951 301 1147 352; x_wconf 70' lang='lat' dir='ltr'><strong>elephanti</strong></span> <span class='ocrx_word' id='word_1_22' title='bbox 1173 300 1222 341; x_wconf 88' lang='lat' dir='ltr'><strong>ab</strong></span> <span class='ocrx_word' id='word_1_23' title='bbox 1247 299 1422 339; x_wconf 75' lang='lat' dir='ltr'><strong>hostibus</strong></span> 
     </span>
    </p>

    <p class='ocr_par' dir='ltr' id='par_1_3' title="bbox 4 354 1425 523">
     <span class='ocr_line' id='line_1_4' title="bbox 4 354 1425 411; baseline -0.006 -9"><span class='ocrx_word' id='word_1_24' title='bbox 4 361 11 366; x_wconf 80' lang='grc'><strong>’</strong></span> <span class='ocrx_word' id='word_1_25' title='bbox 46 362 124 403; x_wconf 68' lang='lat' dir='ltr'><strong>acti</strong></span> <span class='ocrx_word' id='word_1_26' title='bbox 150 360 268 400; x_wconf 75' lang='lat' dir='ltr'><strong>tacite</strong></span> <span class='ocrx_word' id='word_1_27' title='bbox 295 360 495 399; x_wconf 69' lang='lat' dir='ltr'><strong>transmitti</strong></span> <span class='ocrx_word' id='word_1_28' title='bbox 520 360 602 398; x_wconf 86' lang='lat' dir='ltr'><strong>sine</strong></span> <span class='ocrx_word' id='word_1_29' title='bbox 630 358 920 411; x_wconf 88' lang='lat' dir='ltr'><strong>perturbatione</strong></span> <span class='ocrx_word' id='word_1_30' title='bbox 942 357 1115 396; x_wconf 77' lang='lat' dir='ltr'><strong>ordinum</strong></span> <span class='ocrx_word' id='word_1_31' title='bbox 1138 362 1312 408; x_wconf 84' lang='lat' dir='ltr'><strong>possent.</strong></span> <span class='ocrx_word' id='word_1_32' title='bbox 1366 354 1425 395; x_wconf 84' lang='lat' dir='ltr'><strong>Ea</strong></span> 
     </span>
     <span class='ocr_line' id='line_1_5' title="bbox 46 409 1425 471; baseline -0.005 -14"><span class='ocrx_word' id='word_1_33' title='bbox 46 420 133 471; x_wconf 77' lang='lat' dir='ltr'><strong>ipsa</strong></span> <span class='ocrx_word' id='word_1_34' title='bbox 166 416 370 456; x_wconf 85' lang='lat' dir='ltr'><strong>intervalla</strong></span> <span class='ocrx_word' id='word_1_35' title='bbox 407 415 601 467; x_wconf 89' lang='lat' dir='ltr'><strong>expeditis</strong></span> <span class='ocrx_word' id='word_1_36' title='bbox 636 409 819 454; x_wconf 82' lang='lat' dir='ltr'><strong>velitibus</strong></span> <span class='ocrx_word' id='word_1_37' title='bbox 854 413 1048 465; x_wconf 86' lang='lat' dir='ltr'><strong>implevit,</strong></span> <span class='ocrx_word' id='word_1_38' title='bbox 1087 425 1135 452; x_wconf 90' lang='lat' dir='ltr'><strong>ne</strong></span> <span class='ocrx_word' id='word_1_39' title='bbox 1173 412 1425 452; x_wconf 87' lang='lat' dir='ltr'><strong>interluceret</strong></span> 
     </span>
     <span class='ocr_line' id='line_1_6' title="bbox 39 467 1424 523; baseline -0.004 -11"><span class='ocrx_word' id='word_1_40' title='bbox 39 483 46 489; x_wconf 72' lang='grc'>’</span> <span class='ocrx_word' id='word_1_41' title='bbox 95 474 176 523; x_wconf 86' lang='lat' dir='ltr'><strong>ies,</strong></span> <span class='ocrx_word' id='word_1_42' title='bbox 209 473 300 512; x_wconf 89' lang='lat' dir='ltr'><strong>dato</strong></span> <span class='ocrx_word' id='word_1_43' title='bbox 330 473 377 511; x_wconf 88' lang='lat' dir='ltr'><strong>iis</strong></span> <span class='ocrx_word' id='word_1_44' title='bbox 401 472 638 523; x_wconf 74' lang='lat' dir='ltr'><strong>praecepte,</strong></span> <span class='ocrx_word' id='word_1_45' title='bbox 676 477 715 510; x_wconf 88' lang='lat' dir='ltr'><strong>nt</strong></span> <span class='ocrx_word' id='word_1_46' title='bbox 744 471 792 510; x_wconf 89' lang='lat' dir='ltr'><strong>ad</strong></span> <span class='ocrx_word' id='word_1_47' title='bbox 826 472 1007 522; x_wconf 89' lang='lat' dir='ltr'><strong>impetum</strong></span> <span class='ocrx_word' id='word_1_48' title='bbox 1037 469 1330 520; x_wconf 84' lang='lat' dir='ltr'><strong>elephantorum</strong></span> <span class='ocrx_word' id='word_1_49' title='bbox 1358 467 1424 507; x_wconf 82' lang='lat' dir='ltr'><strong>vel</strong></span> 
     </span>
    </p>

    <p class='ocr_par' dir='ltr' id='par_1_4' title="bbox 3 525 1426 744">
     <span class='ocr_line' id='line_1_7' title="bbox 3 525 1426 578; baseline -0.005 -9"><span class='ocrx_word' id='word_1_50' title='bbox 3 546 6 547; x_wconf 44' lang='lat'><em>⁷</em></span> <span class='ocrx_word' id='word_1_51' title='bbox 31 558 33 561; x_wconf 75' lang='lat'><strong>.</strong></span> <span class='ocrx_word' id='word_1_52' title='bbox 93 535 155 569; x_wconf 91' lang='lat' dir='ltr'><strong>tro</strong></span> <span class='ocrx_word' id='word_1_53' title='bbox 177 528 243 568; x_wconf 79' lang='lat' dir='ltr'><strong>vel</strong></span> <span class='ocrx_word' id='word_1_54' title='bbox 271 529 310 567; x_wconf 87' lang='lat' dir='ltr'><strong>in</strong></span> <span class='ocrx_word' id='word_1_55' title='bbox 338 528 460 567; x_wconf 87' lang='lat' dir='ltr'><strong>latera</strong></span> <span class='ocrx_word' id='word_1_56' title='bbox 490 527 766 566; x_wconf 85' lang='lat' dir='ltr'><strong>concederent.</strong></span> <span class='ocrx_word' id='word_1_57' title='bbox 825 526 1042 578; x_wconf 79' lang='lat' dir='ltr'><strong>Equitatum</strong></span> <span class='ocrx_word' id='word_1_58' title='bbox 1063 525 1201 564; x_wconf 75' lang='lat' dir='ltr'><strong>demde</strong></span> <span class='ocrx_word' id='word_1_59' title='bbox 1223 526 1261 564; x_wconf 93' lang='lat' dir='ltr'><strong>in</strong></span> <span class='ocrx_word' id='word_1_60' title='bbox 1282 536 1426 564; x_wconf 86' lang='lat' dir='ltr'><strong>cornua</strong></span> 
     </span>
     <span class='ocr_line' id='line_1_8' title="bbox 48 580 1425 635; baseline -0.004 -10"><span class='ocrx_word' id='word_1_61' title='bbox 48 586 176 626; x_wconf 84' lang='lat' dir='ltr'><strong>divisit</strong></span> <span class='ocrx_word' id='word_1_62' title='bbox 206 590 247 624; x_wconf 87' lang='lat' dir='ltr'><strong>et</strong></span> <span class='ocrx_word' id='word_1_63' title='bbox 275 585 429 626; x_wconf 86' lang='lat' dir='ltr'><strong>sinistro</strong></span> <span class='ocrx_word' id='word_1_64' title='bbox 461 583 644 622; x_wconf 88' lang='lat' dir='ltr'><strong>Romanis</strong></span> <span class='ocrx_word' id='word_1_65' title='bbox 679 582 873 635; x_wconf 83' lang='lat' dir='ltr'><strong>equitibus</strong></span> <span class='ocrx_word' id='word_1_66' title='bbox 901 581 1093 631; x_wconf 89' lang='lat' dir='ltr'><strong>Laelium,</strong></span> <span class='ocrx_word' id='word_1_67' title='bbox 1129 582 1267 620; x_wconf 79' lang='lat' dir='ltr'><strong>dextro</strong></span> <span class='ocrx_word' id='word_1_68' title='bbox 1297 580 1425 620; x_wconf 88' lang='lat' dir='ltr'><strong>Numi·</strong></span> 
     </span>
     <span class='ocr_line' id='line_1_9' title="bbox 47 638 1425 691; baseline -0.004 -10"><span class='ocrx_word' id='word_1_69' title='bbox 47 642 108 681; x_wconf 87' lang='lat' dir='ltr'><strong>dis</strong></span> <span class='ocrx_word' id='word_1_70' title='bbox 130 640 368 680; x_wconf 64' lang='lat' dir='ltr'><strong>Masinissam</strong></span> <span class='ocrx_word' id='word_1_71' title='bbox 397 641 634 691; x_wconf 86' lang='lat' dir='ltr'><strong>praeposuit.</strong></span> <span class='ocrx_word' id='word_1_72' title='bbox 695 639 803 688; x_wconf 85' lang='lat' dir='ltr'><strong>Quae</strong></span> <span class='ocrx_word' id='word_1_73' title='bbox 834 645 908 678; x_wconf 85' lang='lat' dir='ltr'><strong>tam</strong></span> <span class='ocrx_word' id='word_1_74' title='bbox 936 639 1106 690; x_wconf 87' lang='lat' dir='ltr'><strong>prudens</strong></span> <span class='ocrx_word' id='word_1_75' title='bbox 1131 638 1320 677; x_wconf 88' lang='lat' dir='ltr'><strong>ordinatio</strong></span> <span class='ocrx_word' id='word_1_76' title='bbox 1350 648 1425 676; x_wconf 93' lang='lat' dir='ltr'><strong>non</strong></span> 
     </span>
     <span class='ocr_line' id='line_1_10' title="bbox 50 696 631 744; baseline -0.003 -8"><span class='ocrx_word' id='word_1_77' title='bbox 50 696 165 736; x_wconf 87' lang='lat' dir='ltr'><strong>dubie</strong></span> <span class='ocrx_word' id='word_1_78' title='bbox 194 708 310 744; x_wconf 82' lang='lat' dir='ltr'><strong>causa</strong></span> <span class='ocrx_word' id='word_1_79' title='bbox 334 697 520 742; x_wconf 84' lang='lat' dir='ltr'><strong>victoriae</strong></span> <span class='ocrx_word' id='word_1_80' title='bbox 549 696 631 734; x_wconf 81' lang='lat' dir='ltr'><strong>suit.</strong></span> 
     </span>
    </p>

    <p class='ocr_par' dir='ltr' id='par_1_5' title="bbox 50 749 1428 1082">
     <span class='ocr_line' id='line_1_11' title="bbox 120 749 1424 800; baseline -0.003 -9"><span class='ocrx_word' id='word_1_81' title='bbox 120 778 126 782; x_wconf 84' lang='lat'><em>-</em></span> <span class='ocrx_word' id='word_1_82' title='bbox 155 751 231 792; x_wconf 23' lang='lat'><strong>⁷17.</strong></span> <span class='ocrx_word' id='word_1_83' title='bbox 287 752 513 791; x_wconf 84' lang='lat' dir='ltr'><strong>Archelaus·</strong></span> <span class='ocrx_word' id='word_1_84' title='bbox 535 752 722 791; x_wconf 83' lang='lat' dir='ltr'><strong>adversus</strong></span> <span class='ocrx_word' id='word_1_85' title='bbox 752 750 793 789; x_wconf 89' lang='lat' dir='ltr'><strong>L.</strong></span> <span class='ocrx_word' id='word_1_86' title='bbox 817 750 960 790; x_wconf 79' lang='lat' dir='ltr'><strong>Sullam</strong></span> <span class='ocrx_word' id='word_1_87' title='bbox 986 751 1024 788; x_wconf 86' lang='lat' dir='ltr'><strong>in</strong></span> <span class='ocrx_word' id='word_1_88' title='bbox 1052 751 1178 789; x_wconf 78' lang='lat' dir='ltr'><strong>fronte</strong></span> <span class='ocrx_word' id='word_1_89' title='bbox 1208 749 1256 788; x_wconf 88' lang='lat' dir='ltr'><strong>ad</strong></span> <span class='ocrx_word' id='word_1_90' title='bbox 1276 755 1424 800; x_wconf 89' lang='lat' dir='ltr'><strong>pertur-</strong></span> 
     </span>
     <span class='ocr_line' id='line_1_12' title="bbox 51 806 1426 858; baseline -0.003 -11"><span class='ocrx_word' id='word_1_91' title='bbox 51 807 215 847; x_wconf 85' lang='lat' dir='ltr'><strong>bandum</strong></span> <span class='ocrx_word' id='word_1_92' title='bbox 247 807 399 846; x_wconf 88' lang='lat' dir='ltr'><strong>hostem</strong></span> <span class='ocrx_word' id='word_1_93' title='bbox 427 808 588 846; x_wconf 86' lang='lat' dir='ltr'><strong>falcatas</strong></span> <span class='ocrx_word' id='word_1_94' title='bbox 610 807 832 858; x_wconf 65' lang='lat' dir='ltr'><strong>quadrigas</strong></span> <span class='ocrx_word' id='word_1_95' title='bbox 867 807 1032 855; x_wconf 82' lang='lat' dir='ltr'><strong>locavit,</strong></span> <span class='ocrx_word' id='word_1_96' title='bbox 1070 808 1107 844; x_wconf 90' lang='lat' dir='ltr'><strong>in</strong></span> <span class='ocrx_word' id='word_1_97' title='bbox 1141 806 1312 844; x_wconf 90' lang='lat' dir='ltr'><strong>secunda</strong></span> <span class='ocrx_word' id='word_1_98' title='bbox 1342 806 1426 844; x_wconf 84' lang='lat' dir='ltr'><strong>acie</strong></span> 
     </span>
     <span class='ocr_line' id='line_1_13' title="bbox 50 861 1428 916; baseline -0.003 -14"><span class='ocrx_word' id='word_1_99' title='bbox 50 864 282 916; x_wconf 83' lang='lat' dir='ltr'><strong>phalangem</strong></span> <span class='ocrx_word' id='word_1_100' title='bbox 300 861 611 912; x_wconf 80' lang='lat' dir='ltr'><strong>Macedonicam,</strong></span> <span class='ocrx_word' id='word_1_101' title='bbox 638 864 675 900; x_wconf 94' lang='lat' dir='ltr'><strong>in</strong></span> <span class='ocrx_word' id='word_1_102' title='bbox 704 864 818 901; x_wconf 87' lang='lat' dir='ltr'><strong>tertia</strong></span> <span class='ocrx_word' id='word_1_103' title='bbox 838 862 1095 901; x_wconf 86' lang='lat' dir='ltr'><strong>Romanorum</strong></span> <span class='ocrx_word' id='word_1_104' title='bbox 1125 863 1231 900; x_wconf 87' lang='lat' dir='ltr'><strong>mo’re</strong></span> <span class='ocrx_word' id='word_1_105' title='bbox 1262 867 1428 900; x_wconf 80' lang='lat' dir='ltr'><strong>armatos</strong></span> 
     </span>
     <span class='ocr_line' id='line_1_14' title="bbox 52 918 1427 969; baseline -0.002 -10"><span class='ocrx_word' id='word_1_106' title='bbox 52 920 282 968; x_wconf 86' lang='lat' dir='ltr'><strong>auxiliares,</strong></span> <span class='ocrx_word' id='word_1_107' title='bbox 318 920 447 957; x_wconf 82' lang='lat' dir='ltr'><strong>mixtis</strong></span> <span class='ocrx_word' id='word_1_108' title='bbox 483 919 653 969; x_wconf 85' lang='lat' dir='ltr'><strong>fugitivis</strong></span> <span class='ocrx_word' id='word_1_109' title='bbox 678 918 835 956; x_wconf 83' lang='lat' dir='ltr'><strong>Italicae</strong></span> <span class='ocrx_word' id='word_1_110' title='bbox 872 920 1022 968; x_wconf 84' lang='lat' dir='ltr'><strong>gentis,</strong></span> <span class='ocrx_word' id='word_1_111' title='bbox 1063 930 1222 969; x_wconf 89' lang='lat' dir='ltr'><strong>quorum</strong></span> <span class='ocrx_word' id='word_1_112' title='bbox 1251 918 1427 969; x_wconf 87' lang='lat' dir='ltr'><strong>pervica-</strong></span> 
     </span>
     <span class='ocr_line' id='line_1_15' title="bbox 53 974 1425 1027; baseline -0.003 -12"><span class='ocrx_word' id='word_1_113' title='bbox 53 977 138 1015; x_wconf 83' lang='lat' dir='ltr'><strong>ciae</strong></span> <span class='ocrx_word' id='word_1_114' title='bbox 174 975 375 1027; x_wconf 83' lang='lat' dir='ltr'><strong>plurimum</strong></span> <span class='ocrx_word' id='word_1_115' title='bbox 415 974 576 1019; x_wconf 55' lang='lat' dir='ltr'><strong>fidebam</strong></span> <span class='ocrx_word' id='word_1_116' title='bbox 614 974 741 1013; x_wconf 85' lang='lat' dir='ltr'><strong>levem</strong></span> <span class='ocrx_word' id='word_1_117' title='bbox 775 980 999 1013; x_wconf 84' lang='lat' dir='ltr'><strong>armaturam</strong></span> <span class='ocrx_word' id='word_1_118' title='bbox 1040 975 1076 1012; x_wconf 87' lang='lat' dir='ltr'><strong>in</strong></span> <span class='ocrx_word' id='word_1_119' title='bbox 1112 974 1244 1013; x_wconf 90' lang='lat' dir='ltr'><strong>ultimo</strong></span> <span class='ocrx_word' id='word_1_120' title='bbox 1275 974 1425 1012; x_wconf 84' lang='lat' dir='ltr'><strong>statuit:</strong></span> 
     </span>
     <span class='ocr_line' id='line_1_16' title="bbox 51 1029 1428 1082; baseline -0.002 -12"><span class='ocrx_word' id='word_1_121' title='bbox 51 1033 92 1070; x_wconf 81' lang='lat' dir='ltr'><strong>in</strong></span> <span class='ocrx_word' id='word_1_122' title='bbox 114 1037 279 1082; x_wconf 88' lang='lat' dir='ltr'><strong>utroque</strong></span> <span class='ocrx_word' id='word_1_123' title='bbox 307 1031 396 1070; x_wconf 88' lang='lat' dir='ltr'><strong>dein</strong></span> <span class='ocrx_word' id='word_1_124' title='bbox 415 1031 537 1070; x_wconf 88' lang='lat' dir='ltr'><strong>latere</strong></span> <span class='ocrx_word' id='word_1_125' title='bbox 560 1032 788 1082; x_wconf 82' lang='lat' dir='ltr'><strong>equitatum,</strong></span> <span class='ocrx_word' id='word_1_126' title='bbox 820 1031 928 1069; x_wconf 90' lang='lat' dir='ltr'><strong>cuius</strong></span> <span class='ocrx_word' id='word_1_127' title='bbox 955 1030 1119 1077; x_wconf 85' lang='lat' dir='ltr'><strong>amplum</strong></span> <span class='ocrx_word' id='word_1_128' title='bbox 1145 1041 1341 1068; x_wconf 89' lang='lat' dir='ltr'><strong>numerum</strong></span> <span class='ocrx_word' id='word_1_129' title='bbox 1363 1029 1428 1067; x_wconf 90' lang='lat' dir='ltr'><strong>ha·</strong></span> 
     </span>
    </p>

    <p class='ocr_par' dir='ltr' id='par_1_6' title="bbox 26 1085 1432 2030">
     <span class='ocr_line' id='line_1_17' title="bbox 26 1085 1429 1138; baseline -0.001 -14"><span class='ocrx_word' id='word_1_130' title='bbox 26 1087 191 1137; x_wconf 79' lang='lat' dir='ltr'><strong>‚bebat,</strong></span> <span class='ocrx_word' id='word_1_131' title='bbox 228 1087 449 1126; x_wconf 87' lang='lat' dir='ltr'><strong>circueundi</strong></span> <span class='ocrx_word' id='word_1_132' title='bbox 484 1087 607 1126; x_wconf 85' lang='lat' dir='ltr'><strong>hostis</strong></span> <span class='ocrx_word' id='word_1_133' title='bbox 643 1098 759 1125; x_wconf 91' lang='lat' dir='ltr'><strong>causa</strong></span> <span class='ocrx_word' id='word_1_134' title='bbox 796 1087 938 1138; x_wconf 89' lang='lat' dir='ltr'><strong>posuit.</strong></span> <span class='ocrx_word' id='word_1_135' title='bbox 1006 1085 1148 1131; x_wconf 82' lang='lat' dir='ltr'><strong>Contra</strong></span> <span class='ocrx_word' id='word_1_136' title='bbox 1185 1086 1282 1124; x_wconf 88' lang='lat' dir='ltr'><strong>haec</strong></span> <span class='ocrx_word' id='word_1_137' title='bbox 1321 1085 1429 1124; x_wconf 91' lang='lat' dir='ltr'><strong>Sulla</strong></span> 
     </span>
     <span class='ocr_line' id='line_1_18' title="bbox 52 1141 1428 1195; baseline -0.003 -12"><span class='ocrx_word' id='word_1_138' title='bbox 52 1144 182 1183; x_wconf 80' lang='lat' dir='ltr'><strong>fossas</strong></span> <span class='ocrx_word' id='word_1_139' title='bbox 209 1143 360 1195; x_wconf 85' lang='lat' dir='ltr'><strong>amplae</strong></span> <span class='ocrx_word' id='word_1_140' title='bbox 390 1143 596 1182; x_wconf 89' lang='lat' dir='ltr'><strong>latitudinis</strong></span> <span class='ocrx_word' id='word_1_141' title='bbox 622 1143 661 1181; x_wconf 89' lang='lat' dir='ltr'><strong>in</strong></span> <span class='ocrx_word' id='word_1_142' title='bbox 689 1148 854 1193; x_wconf 86' lang='lat' dir='ltr'><strong>utroque</strong></span> <span class='ocrx_word' id='word_1_143' title='bbox 882 1142 1003 1181; x_wconf 87' lang='lat' dir='ltr'><strong>latere</strong></span> <span class='ocrx_word' id='word_1_144' title='bbox 1034 1142 1141 1181; x_wconf 84' lang='lat' dir='ltr'><strong>duxit</strong></span> <span class='ocrx_word' id='word_1_145' title='bbox 1169 1147 1207 1180; x_wconf 88' lang='lat' dir='ltr'><strong>et</strong></span> <span class='ocrx_word' id='word_1_146' title='bbox 1237 1143 1275 1179; x_wconf 91' lang='lat' dir='ltr'><strong>in</strong></span> <span class='ocrx_word' id='word_1_147' title='bbox 1295 1141 1428 1192; x_wconf 89' lang='lat' dir='ltr'><strong>capiti·</strong></span> 
     </span>
     <span class='ocr_line' id='line_1_19' title="bbox 53 1195 1430 1250; baseline -0.002 -12"><span class='ocrx_word' id='word_1_148' title='bbox 53 1199 125 1238; x_wconf 88' lang='lat' dir='ltr'><strong>bus</strong></span> <span class='ocrx_word' id='word_1_149' title='bbox 161 1211 291 1239; x_wconf 86' lang='lat' dir='ltr'><strong>earum</strong></span> <span class='ocrx_word' id='word_1_150' title='bbox 331 1199 494 1238; x_wconf 89' lang='lat' dir='ltr'><strong>castella</strong></span> <span class='ocrx_word' id='word_1_151' title='bbox 535 1200 771 1242; x_wconf 87' lang='lat' dir='ltr'><strong>communiit;</strong></span> <span class='ocrx_word' id='word_1_152' title='bbox 811 1195 885 1250; x_wconf 79' lang='lat' dir='ltr'><strong>qua</strong></span> <span class='ocrx_word' id='word_1_153' title='bbox 914 1199 1087 1246; x_wconf 88' lang='lat' dir='ltr'><strong>ratione,</strong></span> <span class='ocrx_word' id='word_1_154' title='bbox 1125 1210 1173 1236; x_wconf 90' lang='lat' dir='ltr'><strong>ne</strong></span> <span class='ocrx_word' id='word_1_155' title='bbox 1204 1198 1430 1236; x_wconf 85' lang='lat' dir='ltr'><strong>circuiretur</strong></span> 
     </span>
     <span class='ocr_line' id='line_1_20' title="bbox 54 1255 1430 1306; baseline -0.002 -12"><span class='ocrx_word' id='word_1_156' title='bbox 54 1255 104 1294; x_wconf 91' lang='lat' dir='ltr'><strong>ah</strong></span> <span class='ocrx_word' id='word_1_157' title='bbox 132 1255 266 1305; x_wconf 86' lang='lat' dir='ltr'><strong>hoste,</strong></span> <span class='ocrx_word' id='word_1_158' title='bbox 303 1261 343 1294; x_wconf 88' lang='lat' dir='ltr'><strong>et</strong></span> <span class='ocrx_word' id='word_1_159' title='bbox 368 1255 537 1306; x_wconf 90' lang='lat' dir='ltr'><strong>peditum</strong></span> <span class='ocrx_word' id='word_1_160' title='bbox 564 1266 723 1300; x_wconf 68' lang='lat' dir='ltr'><strong>numero</strong></span> <span class='ocrx_word' id='word_1_161' title='bbox 748 1260 785 1293; x_wconf 88' lang='lat' dir='ltr'><strong>et</strong></span> <span class='ocrx_word' id='word_1_162' title='bbox 810 1255 973 1293; x_wconf 84' lang='lat' dir='ltr'><strong>maxime</strong></span> <span class='ocrx_word' id='word_1_163' title='bbox 1008 1256 1177 1305; x_wconf 85' lang='lat' dir='ltr'><strong>equitatu</strong></span> <span class='ocrx_word' id='word_1_164' title='bbox 1206 1259 1430 1305; x_wconf 86' lang='lat' dir='ltr'><strong>superante,</strong></span> 
     </span>
     <span class='ocr_line' id='line_1_21' title="bbox 54 1310 1431 1362; baseline -0.003 -12"><span class='ocrx_word' id='word_1_165' title='bbox 54 1318 285 1350; x_wconf 85' lang='lat' dir='ltr'><strong>consecutus</strong></span> <span class='ocrx_word' id='word_1_166' title='bbox 323 1317 397 1350; x_wconf 86' lang='lat' dir='ltr'><strong>est.</strong></span> <span class='ocrx_word' id='word_1_167' title='bbox 456 1310 664 1362; x_wconf 86' lang='lat' dir='ltr'><strong>Triplicem</strong></span> <span class='ocrx_word' id='word_1_168' title='bbox 698 1311 838 1351; x_wconf 90' lang='lat' dir='ltr'><strong>deinde</strong></span> <span class='ocrx_word' id='word_1_169' title='bbox 874 1311 1043 1362; x_wconf 84' lang='lat' dir='ltr'><strong>peditum</strong></span> <span class='ocrx_word' id='word_1_170' title='bbox 1084 1312 1206 1349; x_wconf 86' lang='lat' dir='ltr'><strong>aciem</strong></span> <span class='ocrx_word' id='word_1_171' title='bbox 1242 1310 1431 1348; x_wconf 82' lang='lat' dir='ltr'><strong>ordinavit</strong></span> 
     </span>
     <span class='ocr_line' id='line_1_22' title="bbox 53 1366 1431 1418; baseline -0.003 -12"><span class='ocrx_word' id='word_1_172' title='bbox 53 1367 201 1417; x_wconf 84' lang='lat' dir='ltr'><strong>relictis</strong></span> <span class='ocrx_word' id='word_1_173' title='bbox 228 1367 439 1406; x_wconf 87' lang='lat' dir='ltr'><strong>intervallis</strong></span> <span class='ocrx_word' id='word_1_174' title='bbox 467 1379 539 1418; x_wconf 89' lang='lat' dir='ltr'><strong>per</strong></span> <span class='ocrx_word' id='word_1_175' title='bbox 567 1367 695 1406; x_wconf 89' lang='lat' dir='ltr'><strong>levem</strong></span> <span class='ocrx_word' id='word_1_176' title='bbox 712 1373 939 1405; x_wconf 86' lang='lat' dir='ltr'><strong>armaturam</strong></span> <span class='ocrx_word' id='word_1_177' title='bbox 966 1373 1004 1405; x_wconf 92' lang='lat' dir='ltr'><strong>et</strong></span> <span class='ocrx_word' id='word_1_178' title='bbox 1033 1367 1225 1418; x_wconf 86' lang='lat' dir='ltr'><strong>equitem,</strong></span> <span class='ocrx_word' id='word_1_179' title='bbox 1257 1377 1371 1417; x_wconf 87' lang='lat' dir='ltr'><strong>quem</strong></span> <span class='ocrx_word' id='word_1_180' title='bbox 1392 1366 1431 1403; x_wconf 88' lang='lat' dir='ltr'><strong>in</strong></span> 
     </span>
     <span class='ocr_line' id='line_1_23' title="bbox 53 1422 1429 1473; baseline -0.003 -11"><span class='ocrx_word' id='word_1_181' title='bbox 53 1424 262 1462; x_wconf 85' lang='lat' dir='ltr'><strong>novissimo</strong></span> <span class='ocrx_word' id='word_1_182' title='bbox 299 1422 597 1472; x_wconf 83' lang='lat' dir='ltr'><strong>conlocaverat,</strong></span> <span class='ocrx_word' id='word_1_183' title='bbox 635 1429 697 1472; x_wconf 90' lang='lat' dir='ltr'><strong>ut,</strong></span> <span class='ocrx_word' id='word_1_184' title='bbox 739 1435 824 1462; x_wconf 90' lang='lat' dir='ltr'><strong>cum</strong></span> <span class='ocrx_word' id='word_1_185' title='bbox 862 1435 926 1461; x_wconf 87' lang='lat' dir='ltr'><strong>res</strong></span> <span class='ocrx_word' id='word_1_186' title='bbox 956 1423 1181 1473; x_wconf 79' lang='lat' dir='ltr'><strong>exegisset,</strong></span> <span class='ocrx_word' id='word_1_187' title='bbox 1222 1423 1429 1461; x_wconf 79' lang='lat' dir='ltr'><strong>emitteret.</strong></span> 
     </span>
     <span class='ocr_line' id='line_1_24' title="bbox 54 1477 1429 1531; baseline -0.002 -13"><span class='ocrx_word' id='word_1_188' title='bbox 54 1479 150 1518; x_wconf 89' lang='lat' dir='ltr'><strong>Tum</strong></span> <span class='ocrx_word' id='word_1_189' title='bbox 169 1480 428 1531; x_wconf 87' lang='lat' dir='ltr'><strong>postsignanis</strong></span> <span class='ocrx_word' id='word_1_190' title='bbox 449 1480 513 1530; x_wconf 85' lang='lat' dir='ltr'><strong>qui</strong></span> <span class='ocrx_word' id='word_1_191' title='bbox 536 1481 574 1517; x_wconf 87' lang='lat' dir='ltr'><strong>in</strong></span> <span class='ocrx_word' id='word_1_192' title='bbox 598 1479 769 1518; x_wconf 84' lang='lat' dir='ltr'><strong>secunda</strong></span> <span class='ocrx_word' id='word_1_193' title='bbox 791 1480 874 1517; x_wconf 91' lang='lat' dir='ltr'><strong>acie</strong></span> <span class='ocrx_word' id='word_1_194' title='bbox 893 1485 1001 1517; x_wconf 87' lang='lat' dir='ltr'><strong>erant</strong></span> <span class='ocrx_word' id='word_1_195' title='bbox 1027 1479 1244 1529; x_wconf 88' lang='lat' dir='ltr'><strong>imperavit,</strong></span> <span class='ocrx_word' id='word_1_196' title='bbox 1275 1484 1315 1516; x_wconf 87' lang='lat' dir='ltr'><strong>ut</strong></span> <span class='ocrx_word' id='word_1_197' title='bbox 1338 1477 1429 1516; x_wconf 88' lang='lat' dir='ltr'><strong>den-</strong></span> 
     </span>
     <span class='ocr_line' id='line_1_25' title="bbox 52 1535 1429 1586; baseline -0.001 -14"><span class='ocrx_word' id='word_1_198' title='bbox 52 1546 123 1581; x_wconf 75' lang='lat' dir='ltr'><strong>sos</strong></span> <span class='ocrx_word' id='word_1_199' title='bbox 150 1536 447 1586; x_wconf 86' lang='lat' dir='ltr'><strong>innumerosque</strong></span> <span class='ocrx_word' id='word_1_200' title='bbox 475 1536 586 1586; x_wconf 85' lang='lat' dir='ltr'><strong>palos</strong></span> <span class='ocrx_word' id='word_1_201' title='bbox 616 1535 723 1573; x_wconf 82' lang='lat' dir='ltr'><strong>firme</strong></span> <span class='ocrx_word' id='word_1_202' title='bbox 748 1536 785 1573; x_wconf 87' lang='lat' dir='ltr'><strong>in</strong></span> <span class='ocrx_word' id='word_1_203' title='bbox 816 1541 957 1573; x_wconf 85' lang='lat' dir='ltr'><strong>terram</strong></span> <span class='ocrx_word' id='word_1_204' title='bbox 981 1535 1221 1584; x_wconf 81' lang='lat' dir='ltr'><strong>defigerent,</strong></span> <span class='ocrx_word' id='word_1_205' title='bbox 1253 1536 1429 1584; x_wconf 87' lang='lat' dir='ltr'><strong>intraque</strong></span> 
     </span>
     <span class='ocr_line' id='line_1_26' title="bbox 52 1591 1430 1642; baseline -0.001 -14"><span class='ocrx_word' id='word_1_206' title='bbox 52 1597 151 1639; x_wconf 76' lang='lat' dir='ltr'><strong>eos,</strong></span> <span class='ocrx_word' id='word_1_207' title='bbox 178 1591 571 1642; x_wconf 85' lang='lat' dir='ltr'><strong>adpropinquantibus</strong></span> <span class='ocrx_word' id='word_1_208' title='bbox 604 1591 821 1641; x_wconf 86' lang='lat' dir='ltr'><strong>quadrigis,</strong></span> <span class='ocrx_word' id='word_1_209' title='bbox 858 1591 1192 1640; x_wconf 84' lang='lat' dir='ltr'><strong>antesignanorum</strong></span> <span class='ocrx_word' id='word_1_210' title='bbox 1222 1592 1345 1628; x_wconf 90' lang='lat' dir='ltr'><strong>aciem</strong></span> <span class='ocrx_word' id='word_1_211' title='bbox 1370 1601 1430 1627; x_wconf 89' lang='lat' dir='ltr'><strong>re-</strong></span> 
     </span>
     <span class='ocr_line' id='line_1_27' title="bbox 57 1645 1432 1696; baseline -0.001 -12"><span class='ocrx_word' id='word_1_212' title='bbox 57 1646 181 1696; x_wconf 78' lang='lat' dir='ltr'><strong>cepit:</strong></span> <span class='ocrx_word' id='word_1_213' title='bbox 206 1652 284 1684; x_wconf 88' lang='lat' dir='ltr'><strong>tum</strong></span> <span class='ocrx_word' id='word_1_214' title='bbox 313 1646 485 1695; x_wconf 91' lang='lat' dir='ltr'><strong>demum,</strong></span> <span class='ocrx_word' id='word_1_215' title='bbox 520 1646 671 1687; x_wconf 87' lang='lat' dir='ltr'><strong>sublato</strong></span> <span class='ocrx_word' id='word_1_216' title='bbox 701 1647 967 1684; x_wconf 85' lang='lat' dir='ltr'><strong>universorum</strong></span> <span class='ocrx_word' id='word_1_217' title='bbox 997 1646 1193 1694; x_wconf 87' lang='lat' dir='ltr'><strong>clamore,</strong></span> <span class='ocrx_word' id='word_1_218' title='bbox 1222 1645 1364 1684; x_wconf 87' lang='lat' dir='ltr'><strong>velites</strong></span> <span class='ocrx_word' id='word_1_219' title='bbox 1393 1651 1432 1682; x_wconf 88' lang='lat' dir='ltr'><strong>et</strong></span> 
     </span>
     <span class='ocr_line' id='line_1_28' title="bbox 56 1700 1430 1752; baseline 0 -13"><span class='ocrx_word' id='word_1_220' title='bbox 56 1700 184 1739; x_wconf 76' lang='lat' dir='ltr'><strong>levem</strong></span> <span class='ocrx_word' id='word_1_221' title='bbox 213 1707 438 1740; x_wconf 86' lang='lat' dir='ltr'><strong>armaturam</strong></span> <span class='ocrx_word' id='word_1_222' title='bbox 466 1703 646 1751; x_wconf 83' lang='lat' dir='ltr'><strong>ingerere</strong></span> <span class='ocrx_word' id='word_1_223' title='bbox 676 1702 754 1740; x_wconf 88' lang='lat' dir='ltr'><strong>tela</strong></span> <span class='ocrx_word' id='word_1_224' title='bbox 788 1703 909 1749; x_wconf 80' lang='lat' dir='ltr'><strong>iussit.</strong></span> <span class='ocrx_word' id='word_1_225' title='bbox 967 1701 1114 1749; x_wconf 82' lang='lat' dir='ltr'><strong>Quibus</strong></span> <span class='ocrx_word' id='word_1_226' title='bbox 1143 1702 1256 1740; x_wconf 82' lang='lat' dir='ltr'><strong>factis</strong></span> <span class='ocrx_word' id='word_1_227' title='bbox 1278 1701 1430 1752; x_wconf 88' lang='lat' dir='ltr'><strong>quadri-</strong></span> 
     </span>
     <span class='ocr_line' id='line_1_29' title="bbox 57 1755 1430 1808; baseline 0 -14"><span class='ocrx_word' id='word_1_228' title='bbox 57 1767 133 1805; x_wconf 81' lang='lat' dir='ltr'><strong>gae</strong></span> <span class='ocrx_word' id='word_1_229' title='bbox 162 1755 347 1805; x_wconf 87' lang='lat' dir='ltr'><strong>hostium,</strong></span> <span class='ocrx_word' id='word_1_230' title='bbox 379 1762 443 1795; x_wconf 85' lang='lat' dir='ltr'><strong>aut</strong></span> <span class='ocrx_word' id='word_1_231' title='bbox 461 1757 668 1808; x_wconf 84' lang='lat' dir='ltr'><strong>implicitae</strong></span> <span class='ocrx_word' id='word_1_232' title='bbox 690 1757 790 1808; x_wconf 83' lang='lat' dir='ltr'><strong>palis</strong></span> <span class='ocrx_word' id='word_1_233' title='bbox 811 1763 875 1796; x_wconf 86' lang='lat' dir='ltr'><strong>aut</strong></span> <span class='ocrx_word' id='word_1_234' title='bbox 898 1759 1109 1796; x_wconf 85' lang='lat' dir='ltr'><strong>exterritae</strong></span> <span class='ocrx_word' id='word_1_235' title='bbox 1133 1757 1303 1796; x_wconf 88' lang='lat' dir='ltr'><strong>clamore</strong></span> <span class='ocrx_word' id='word_1_236' title='bbox 1324 1757 1430 1795; x_wconf 89' lang='lat' dir='ltr'><strong>telis·</strong></span> 
     </span>
     <span class='ocr_line' id='line_1_30' title="bbox 59 1812 1432 1864; baseline 0.001 -15"><span class='ocrx_word' id='word_1_237' title='bbox 59 1823 157 1862; x_wconf 86' lang='lat' dir='ltr'><strong>que,</strong></span> <span class='ocrx_word' id='word_1_238' title='bbox 190 1812 228 1849; x_wconf 90' lang='lat' dir='ltr'><strong>in</strong></span> <span class='ocrx_word' id='word_1_239' title='bbox 257 1823 349 1850; x_wconf 84' lang='lat' dir='ltr'><strong>suos</strong></span> <span class='ocrx_word' id='word_1_240' title='bbox 378 1823 592 1851; x_wconf 82' lang='lat' dir='ltr'><strong>conversae</strong></span> <span class='ocrx_word' id='word_1_241' title='bbox 626 1819 714 1851; x_wconf 88' lang='lat' dir='ltr'><strong>sunt</strong></span> <span class='ocrx_word' id='word_1_242' title='bbox 742 1812 1067 1864; x_wconf 86' lang='lat' dir='ltr'><strong>turbaveruntque</strong></span> <span class='ocrx_word' id='word_1_243' title='bbox 1094 1812 1348 1852; x_wconf 83' lang='lat' dir='ltr'><strong>Macedonum</strong></span> <span class='ocrx_word' id='word_1_244' title='bbox 1378 1815 1432 1851; x_wconf 90' lang='lat' dir='ltr'><strong>in-</strong></span> 
     </span>
     <span class='ocr_line' id='line_1_31' title="bbox 58 1868 1430 1921; baseline 0.002 -17"><span class='ocrx_word' id='word_1_245' title='bbox 58 1872 305 1905; x_wconf 85' lang='lat' dir='ltr'><strong>structuram:</strong></span> <span class='ocrx_word' id='word_1_246' title='bbox 336 1871 411 1918; x_wconf 82' lang='lat' dir='ltr'><strong>qu‘a</strong></span> <span class='ocrx_word' id='word_1_247' title='bbox 432 1868 616 1917; x_wconf 85' lang='lat' dir='ltr'><strong>cedente,</strong></span> <span class='ocrx_word' id='word_1_248' title='bbox 648 1880 733 1907; x_wconf 88' lang='lat' dir='ltr'><strong>cum</strong></span> <span class='ocrx_word' id='word_1_249' title='bbox 753 1869 859 1908; x_wconf 88' lang='lat' dir='ltr'><strong>Sulla</strong></span> <span class='ocrx_word' id='word_1_250' title='bbox 881 1876 1002 1909; x_wconf 87' lang='lat' dir='ltr'><strong>staret</strong></span> <span class='ocrx_word' id='word_1_251' title='bbox 1024 1875 1062 1907; x_wconf 89' lang='lat' dir='ltr'><strong>et</strong></span> <span class='ocrx_word' id='word_1_252' title='bbox 1076 1869 1303 1910; x_wconf 71' lang='lat' dir='ltr'><strong>„Archelaus</strong></span> <span class='ocrx_word' id='word_1_253' title='bbox 1324 1871 1430 1921; x_wconf 88' lang='lat' dir='ltr'><strong>equi-</strong></span> 
     </span>
     <span class='ocr_line' id='line_1_32' title="bbox 57 1922 1432 1976; baseline 0.001 -16"><span class='ocrx_word' id='word_1_254' title='bbox 57 1928 135 1961; x_wconf 87' lang='lat' dir='ltr'><strong>tem</strong></span> <span class='ocrx_word' id='word_1_255' title='bbox 160 1922 430 1974; x_wconf 85' lang='lat' dir='ltr'><strong>obposuisset,</strong></span> <span class='ocrx_word' id='word_1_256' title='bbox 460 1923 620 1963; x_wconf 85' lang='lat' dir='ltr'><strong>Romani</strong></span> <span class='ocrx_word' id='word_1_257' title='bbox 641 1925 791 1976; x_wconf 73' lang='lat' dir='ltr'><strong>equites</strong></span> <span class='ocrx_word' id='word_1_258' title='bbox 812 1924 939 1964; x_wconf 87' lang='lat' dir='ltr'><strong>subito</strong></span> <span class='ocrx_word' id='word_1_259' title='bbox 962 1926 1092 1964; x_wconf 87' lang='lat' dir='ltr'><strong>emissi</strong></span> <span class='ocrx_word' id='word_1_260' title='bbox 1113 1931 1337 1964; x_wconf 85' lang='lat' dir='ltr'><strong>averterunt</strong></span> <span class='ocrx_word' id='word_1_261' title='bbox 1362 1936 1432 1964; x_wconf 91' lang='lat' dir='ltr'><strong>eos</strong></span> 
     </span>
     <span class='ocr_line' id='line_1_33' title="bbox 58 1980 683 2030; baseline 0.002 -13"><span class='ocrx_word' id='word_1_262' title='bbox 58 1985 443 2030; x_wconf 75' lang='lat' dir='ltr'><strong>consummatumque</strong></span> <span class='ocrx_word' id='word_1_263' title='bbox 471 1980 683 2018; x_wconf 85' lang='lat' dir='ltr'><strong>victoriam.</strong></span> 
     </span>
    </p>

    <p class='ocr_par' dir='ltr' id='par_1_7' title="bbox 57 2033 1432 2143">
     <span class='ocr_line' id='line_1_34' title="bbox 115 2033 1432 2089; baseline -0.002 -15"><span class='ocrx_word' id='word_1_264' title='bbox 115 2055 122 2064; x_wconf 66' lang='lat'>2</span> <span class='ocrx_word' id='word_1_265' title='bbox 171 2035 236 2074; x_wconf 88' lang='lat'><strong>18.</strong></span> <span class='ocrx_word' id='word_1_266' title='bbox 295 2033 339 2073; x_wconf 88' lang='lat' dir='ltr'><strong>C.</strong></span> <span class='ocrx_word' id='word_1_267' title='bbox 358 2033 504 2074; x_wconf 87' lang='lat' dir='ltr'><strong>Caesar</strong></span> <span class='ocrx_word' id='word_1_268' title='bbox 523 2035 718 2074; x_wconf 86' lang='lat' dir='ltr'><strong>Gallorum</strong></span> <span class='ocrx_word' id='word_1_269' title='bbox 732 2036 895 2076; x_wconf 82' lang='lat' dir='ltr'><strong>falcatas</strong></span> <span class='ocrx_word' id='word_1_270' title='bbox 910 2038 1116 2089; x_wconf 87' lang='lat' dir='ltr'><strong>quadrigas</strong></span> <span class='ocrx_word' id='word_1_271' title='bbox 1133 2037 1265 2076; x_wconf 89' lang='lat' dir='ltr'><strong>eadem</strong></span> <span class='ocrx_word' id='word_1_272' title='bbox 1283 2037 1432 2075; x_wconf 55' lang='lat' dir='ltr'><strong>ratione¹</strong></span> 
     </span>
     <span class='ocr_line' id='line_1_35' title="bbox 57 2090 899 2143; baseline -0.001 -13"><span class='ocrx_word' id='word_1_273' title='bbox 57 2090 156 2142; x_wconf 84' lang='lat' dir='ltr'><strong>palis</strong></span> <span class='ocrx_word' id='word_1_274' title='bbox 178 2091 316 2130; x_wconf 83' lang='lat' dir='ltr'><strong>defixis</strong></span> <span class='ocrx_word' id='word_1_275' title='bbox 343 2092 500 2142; x_wconf 87' lang='lat' dir='ltr'><strong>excepit</strong></span> <span class='ocrx_word' id='word_1_276' title='bbox 523 2091 774 2143; x_wconf 86' lang='lat' dir='ltr'><strong>inhibuitque.</strong></span> <span class='ocrx_word' id='word_1_277' title='bbox 896 2134 899 2142; x_wconf 35' lang='grc' dir='ltr'>Ι</span> 
     </span>
    </p>

    <p class='ocr_par' dir='ltr' id='par_1_8' title="bbox 57 2146 1432 2257">
     <span class='ocr_line' id='line_1_36' title="bbox 171 2146 1431 2196; baseline -0.003 -10"><span class='ocrx_word' id='word_1_278' title='bbox 171 2146 235 2186; x_wconf 66' lang='lat'><strong>192</strong></span> <span class='ocrx_word' id='word_1_279' title='bbox 292 2146 517 2186; x_wconf 88' lang='lat' dir='ltr'><strong>Alexander</strong></span> <span class='ocrx_word' id='word_1_280' title='bbox 555 2147 604 2187; x_wconf 84' lang='lat' dir='ltr'><strong>ad</strong></span> <span class='ocrx_word' id='word_1_281' title='bbox 641 2147 807 2196; x_wconf 87' lang='lat' dir='ltr'><strong>Arbela,</strong></span> <span class='ocrx_word' id='word_1_282' title='bbox 840 2159 924 2186; x_wconf 90' lang='lat' dir='ltr'><strong>cum</strong></span> <span class='ocrx_word' id='word_1_283' title='bbox 954 2148 1118 2188; x_wconf 87' lang='lat' dir='ltr'><strong>hostiurn</strong></span> <span class='ocrx_word' id='word_1_284' title='bbox 1157 2147 1431 2187; x_wconf 84' lang='lat' dir='ltr'><strong>multitudinem</strong></span> 
     </span>
     <span class='ocr_line' id='line_1_37' title="bbox 57 2203 1432 2257; baseline -0.001 -17"><span class='ocrx_word' id='word_1_285' title='bbox 57 2208 281 2252; x_wconf 82' lang='lat' dir='ltr'><strong>vereretur,</strong></span> <span class='ocrx_word' id='word_1_286' title='bbox 312 2204 440 2242; x_wconf 88' lang='lat' dir='ltr'><strong>virtuti</strong></span> <span class='ocrx_word' id='word_1_287' title='bbox 456 2208 590 2257; x_wconf 58' lang='lat' dir='ltr'><strong>xautem</strong></span> <span class='ocrx_word' id='word_1_288' title='bbox 615 2215 770 2243; x_wconf 90' lang='lat' dir='ltr'><strong>suorum</strong></span> <span class='ocrx_word' id='word_1_289' title='bbox 788 2203 948 2254; x_wconf 82' lang='lat' dir='ltr'><strong>fideret,</strong></span> <span class='ocrx_word' id='word_1_290' title='bbox 971 2207 1093 2244; x_wconf 89' lang='lat' dir='ltr'><strong>aciem</strong></span> <span class='ocrx_word' id='word_1_291' title='bbox 1114 2207 1151 2243; x_wconf 88' lang='lat' dir='ltr'><strong>in</strong></span> <span class='ocrx_word' id='word_1_292' title='bbox 1175 2213 1325 2243; x_wconf 90' lang='lat' dir='ltr'><strong>omnem</strong></span> <span class='ocrx_word' id='word_1_293' title='bbox 1347 2213 1432 2252; x_wconf 84' lang='lat' dir='ltr'><strong>par—</strong></span> 
     </span>
    </p>
   </div>
   <div class='ocr_carea' id='block_1_3' title="bbox 52 2259 1434 2365">
    <p class='ocr_par' dir='ltr' id='par_1_9' title="bbox 52 2259 1434 2365">
     <span class='ocr_line' id='line_1_38' title="bbox 59 2259 1434 2311; baseline 0.002 -16"><span class='ocrx_word' id='word_1_294' title='bbox 59 2263 143 2296; x_wconf 81' lang='lat' dir='ltr'><strong>tem.</strong></span> <span class='ocrx_word' id='word_1_295' title='bbox 173 2264 411 2309; x_wconf 76' lang='lat' dir='ltr'><strong>spectantem</strong></span> <span class='ocrx_word' id='word_1_296' title='bbox 449 2259 660 2310; x_wconf 87' lang='lat' dir='ltr'><strong>ordinavit,</strong></span> <span class='ocrx_word' id='word_1_297' title='bbox 694 2265 735 2299; x_wconf 90' lang='lat' dir='ltr'><strong>ut</strong></span> <span class='ocrx_word' id='word_1_298' title='bbox 774 2260 1022 2300; x_wconf 82' lang='lat' dir='ltr'><strong>circumventi</strong></span> <span class='ocrx_word' id='word_1_299' title='bbox 1059 2262 1225 2311; x_wconf 86' lang='lat' dir='ltr'><strong>undique</strong></span> <span class='ocrx_word' id='word_1_300' title='bbox 1262 2268 1434 2309; x_wconf 79' lang='lat' dir='ltr'><strong>pugnare</strong></span> 
     </span>
     <span class='ocr_line' id='line_1_39' title="bbox 52 2319 774 2365; baseline 0 -10"><span class='ocrx_word' id='word_1_301' title='bbox 52 2319 232 2365; x_wconf 76' lang='lat' dir='ltr'><strong>¹possent.</strong></span> <span class='ocrx_word' id='word_1_302' title='bbox 772 2326 774 2331; x_wconf 81' lang='grc'>’</span> 
     </span>
    </p>
   </div>
   <div class='ocr_carea' id='block_1_4' title="bbox 1105 2380 1159 2418">
    <p class='ocr_par' dir='ltr' id='par_1_10' title="bbox 1105 2380 1159 2418">
     <span class='ocr_line' id='line_1_40' title="bbox 1105 2380 1159 2418; baseline 0 -19"><span class='ocrx_word' id='word_1_303' title='bbox 1105 2380 1159 2418; x_wconf 72' lang='lat'><strong>3.</strong></span> 
     </span>
    </p>
   </div>
  </div>
 </body>
</html>
