1566 2496
156 122 231 163 108
587 129 686 160 snx.
715 128 832 159 mun
860 126 1084 158 FRONTINI

155 242 226 274 est.
285 233 433 273 Unciae
468 245 562 283 ergo
597 232 774 271 modulus
814 230 931 270 habet
961 230 1134 270 diametri
1163 229 1322 280 digitum
1351 241 1464 269 unum
1490 235 1529 268 et

153 293 329 330 trientem
360 291 484 340 digiti;
517 289 619 340 capit
648 289 856 340 quinariam
883 294 921 326 et
941 287 1028 339 plus
1049 287 1243 338 quinariae
1263 287 1422 336 octava,
1453 285 1529 324 hoc

155 354 214 387 est
243 348 445 386 sescuncia
476 346 670 397 quinariae
706 351 743 383 et
773 343 952 395 scripulis
983 343 1105 382 tribus
1137 349 1175 382 et
1205 342 1322 390 besse
1353 342 1526 393 scripuli.

154 404 306 455 Digitus
337 403 564 454 quadratus,
593 402 630 439 in
660 401 861 439 rotundum
890 399 1096 449 redactus,
1125 399 1243 438 habet
1271 399 1444 438 diametri
1473 398 1527 437 di-

153 462 271 511 gitum
298 472 410 498 unum
441 465 479 498 et
508 458 615 508 digiti
644 458 905 505 sescunciam,
938 455 1147 507 scripulum
1158 469 1168 502 ;
1202 456 1306 506 capit
1333 455 1528 507 quinariae

154 517 402 565 dodrantem,
439 514 693 562 semunciam,
732 514 932 552 sicilicum.
996 512 1150 562 Digitus
1188 511 1373 551 rotundus
1411 510 1529 550 habet

152 573 327 613 diametri
363 572 518 622 digitum
551 576 682 615 unum';
722 570 825 621 capit
863 569 1059 621 quinariae
1089 573 1337 620 septuncem,
1377 579 1527 606 semun-

153 631 272 679 ciam,
304 629 503 668 sextulam.

266 685 331 725 27.
393 684 574 723 Ceterum
611 682 778 730 moduli,
813 681 876 732 qui
911 693 932 719 a
957 680 1128 732 quinaria
1155 680 1344 729 oriuntur,
1379 678 1529 718 duobus

152 741 361 793 generibus
390 742 663 779 incrementum
694 739 898 789 accipiunt.
958 735 1029 775 Est
1053 748 1190 785 unum,
1223 747 1308 775 cum
1329 735 1416 787 ipsa
1434 734 1528 774 mul·
1557 767 1560 771 .

152 799 370 850 tiplicatur,
400 798 438 836 id
470 803 529 835 est
554 796 692 835 eodem
711 795 850 833 lumine
880 793 1015 844 plures
1043 793 1242 845 quinariae
1263 792 1525 834 includuntur:

151 857 190 893 in
220 853 355 906 quibus
381 853 590 892 secundum
620 852 875 892 adiectionem
903 850 1156 900 quinariarum
1185 848 1394 900 amplitudo
1423 848 1528 886 lurni-

152 912 211 949 nis
241 911 395 950 crescit.
456 909 527 948 Est
556 916 680 948 autem
710 907 794 945 fere
815 913 903 945 tunc
929 907 968 943 in
991 918 1086 954 usu,
1119 917 1204 944 cum
1233 905 1366 956 plures
1398 905 1527 955 quina-

151 968 254 1016 riae,
283 968 364 1005 iure
386 967 613 1017 impetratae
641 976 765 1015 aquae
793 976 842 1002 ne
863 963 900 1001 in
921 962 994 1000 viis
1023 962 1179 1013 saepius
1207 960 1530 1000 convulnerentur

152 1023 326 1072 fistulae,
357 1024 429 1061 uua
460 1022 585 1060 fistula
616 1021 857 1072 excipiuntur
881 1020 919 1057 in
949 1017 1171 1068 castellum,
1204 1030 1254 1056 ex
1277 1028 1353 1068 quo
1387 1016 1531 1067 singuli

154 1092 262 1119 suum
291 1079 442 1118 modum
471 1078 673 1130 recipiunt.
736 1075 847 1128 (28.)
879 1075 1054 1114 Alterum
1081 1086 1204 1125 genus
1234 1079 1319 1123 est,
1350 1074 1529 1124 quotiens

153 1148 228 1175 non
267 1136 316 1175 ad
353 1136 606 1186 quinariarum
636 1135 909 1172 necessitatem
945 1131 1071 1170 fistula
1107 1131 1381 1170 incrementum
1413 1129 1528 1180 capit,

153 1193 222 1232 sed
250 1193 297 1231 ad
326 1192 500 1231 diametri
531 1191 589 1229 sui
618 1201 853 1228 mensuram:
884 1187 1093 1227 secundum
1120 1186 1224 1239 quod
1250 1192 1289 1226 et
1307 1197 1446 1225 nomen
1465 1197 1529 1224 ac-

154 1250 246 1301 cipit
283 1255 322 1287 et
353 1249 604 1299 capacitatem
633 1246 800 1297 ampliat.
861 1244 911 1283 Ut
940 1249 1031 1296 puta
1061 1244 1252 1294 quinaria,
1283 1255 1368 1281 cum
1401 1242 1528 1281 adiec-

151 1312 212 1344 tus
241 1311 301 1344 est
339 1306 374 1343 ei
411 1304 459 1343 ad
484 1304 708 1342 diametrum
738 1302 928 1352 quadrans
940 1330 960 1349 ,.
989 1300 1178 1339 senariam
1205 1299 1318 1338 facit:
1355 1310 1430 1337 nec
1456 1298 1529 1337 iam

152 1363 190 1400 in
227 1361 392 1399 solidum
422 1361 674 1410 capacitatem
705 1357 879 1406 ampliat;
920 1356 1022 1406 capit
1052 1357 1151 1394 enirn
1177 1356 1386 1406 quinariam
1418 1365 1529 1398 unam

154 1424 191 1456 et
208 1418 480 1469 quincuncem,
499 1415 698 1453 sicilicum.
758 1412 806 1451 Et
823 1412 1007 1462 deinceps
1025 1411 1161 1450 eadem
1175 1411 1324 1449 ratione
1343 1410 1528 1461 quadran-

151 1473 254 1513 tibus
284 1472 469 1511 diametro
494 1471 675 1519 adiectis,
706 1475 746 1507 ut
768 1480 885 1520 supra
907 1468 1048 1506 dictum
1078 1472 1158 1517 est,
1190 1471 1371 1506 crescunt
1397 1470 1527 1517 septe-

152 1531 278 1579 naria,
310 1528 528 1576 octonaria,
559 1538 682 1577 usque
713 1525 759 1564 ad
786 1524 1033 1564 vicenariam.
1209 1538 1214 1543 ·

265 1585 331 1625 29.
385 1584 640 1635 Subsequitur
667 1582 733 1621 illa
759 1582 880 1630 ratio,
910 1591 1008 1631 quae
1040 1583 1192 1618 constat
1212 1589 1264 1617 ex
1290 1587 1454 1617 numero·
1473 1577 1529 1616 di-

153 1643 319 1693 gitorum
356 1641 649 1693 quadratorum,
690 1639 753 1689 qui
799 1649 911 1686 area,
960 1635 998 1674 id
1038 1641 1099 1674 est
1133 1634 1297 1684 lumine,
1343 1634 1530 1685 cuiusque

153 1698 296 1738 moduli
321 1699 583 1740 continentur;
607 1708 628 1734 a
658 1695 796 1746 quibus
813 1700 851 1732 et
875 1704 1015 1731 nomen
1034 1690 1185 1730 fistulae
1205 1690 1418 1742 accipiunt:
1445 1701 1531 1728 nam

155 1767 254 1806 quae
283 1754 398 1793 habet
424 1764 563 1801 areae,
594 1752 632 1790 id
658 1757 718 1790 est
739 1751 888 1789 luminis
916 1750 954 1787 in
977 1747 1180 1786 rotundum
1209 1746 1358 1796 coacti,
1387 1745 1531 1796 digitos

155 1811 363 1862 quadratos
390 1809 524 1860 viginti
554 1809 741 1859 quinque,
773 1807 949 1845 vicenum
980 1805 1133 1856 quinum
1162 1801 1398 1854 adpellatur:
1429 1801 1530 1840 simi·

154 1867 243 1905 liter
259 1867 484 1914 tricenaria,
516 1870 554 1902 et
570 1865 756 1915 deinceps
774 1875 844 1914 per
858 1864 1131 1900 incrementum
1147 1859 1351 1910 digitorum
1370 1857 1530 1909 quadra-

152 1929 278 1962 torum
302 1934 424 1973 usque
450 1921 496 1960 ad
514 1926 715 1959 centenum
735 1920 921 1958 vicenum.
983 1917 1093 1968 (30.)
1120 1914 1162 1953 In
1177 1915 1372 1954 vicenaria
1388 1912 1528 1961 fistula,

156 1991 253 2031 quae
288 1979 323 2015 in
361 1977 524 2016 confinio
551 1977 748 2027 utriusque
777 1975 935 2014 rationis
971 1973 1098 2024 posita
1129 1977 1209 2021 est,
1239 1977 1402 2022 utraque
1430 1968 1528 2006 ratio

155 2047 280 2087 paene
314 2034 503 2083 congruit.
563 2031 658 2070 Nam
695 2031 810 2070 habet
839 2030 1048 2069 secundum
1077 2040 1161 2067 eam
1190 2025 1527 2078 computationem,

158 2103 256 2143 quae
291 2091 328 2129 in
368 2087 683 2128 antecedentibus
719 2087 882 2126 modulis
921 2084 1111 2124 servanda
1148 2089 1228 2132 est,
1267 2083 1305 2120 in
1342 2080 1527 2120 diametro

155 2147 385 2198 quadrantes
409 2145 567 2195 viginti,
599 2156 683 2182 cum
708 2143 882 2182 diametri
910 2141 1080 2180 eiusdem
1108 2139 1216 2190 digiti
1237 2138 1402 2189 quinque
1431 2137 1526 2174 sint:

155 2210 194 2243 et
223 2202 431 2242 secundum
464 2211 595 2238 eorum
629 2199 868 2238 modulorum
897 2199 1107 2246 rationem,
1147 2195 1210 2246 qui
1239 2198 1449 2244 sequuntur
1480 2190 1528 2230 ad

155 2272 261 2310 eam,
289 2258 406 2298 habet
434 2257 637 2307 digitorum
665 2255 933 2306 quadratorum
961 2254 1102 2303 exiguo
1128 2252 1248 2289 minus
1276 2249 1423 2299 viginti.

269 2315 334 2355 31.
392 2313 504 2352 Ratio
543 2311 752 2350 fistularum
790 2311 1043 2361 quinariarum
1081 2318 1202 2358 usque
1241 2304 1288 2344 ad
1327 2310 1527 2344 centenum
