1566 2496
529 424 666 500 SEX.
707 425 862 503 [Uffl
901 412 1201 503 FRssN'l'INI

212 637 465 697 AQUAE
518 639 920 695 DUCTIBUS
969 640 1206 696 URBIS
1256 641 1519 695 ‘ROMAE

757 754 970 795 LIBER.

295 945 331 982 1.
393 942 486 983 Cum
513 946 633 984 omnis
663 958 728 985 res
759 946 805 986 ab
837 947 1075 999 Imperatore
1107 947 1287 999 delegata
1314 949 1557 988 intentiorem

179 1001 310 1050 exigat
353 1013 502 1045 curam;
540 1008 579 1040 et
614 1014 674 1041 me
705 1015 774 1042 seu
804 1004 987 1043 naturalis
1018 1004 1238 1043 sollicitudo
1269 1017 1340 1044 seu
1369 1005 1466 1045 fides
1494 1017 1556 1044 se·

178 1057 266 1095 dula
307 1068 383 1095 non
420 1058 468 1096 ad
506 1058 742 1108 diligentiam
780 1061 916 1110 modo,
953 1073 1087 1100 verum
1123 1061 1172 1100 ad
1200 1072 1370 1100 amorem
1400 1073 1556 1113 quoque

179 1114 407 1152 commissae
435 1115 492 1152 rei
522 1115 718 1165 instigent;
748 1117 873 1168 sitque
902 1129 1001 1156 nunc
1024 1117 1114 1155 mihi
1143 1117 1192 1156 ab
1211 1117 1341 1156 Nerva
1365 1117 1556 1168 Augusto,

178 1171 313 1208 nescio
331 1170 576 1220 diligentiore
601 1183 648 1209 an
664 1174 872 1211 amantiore
897 1174 954 1212 rei
971 1173 1150 1225 publicae
1168 1173 1422 1224 Imperatore,
1441 1182 1557 1225 aqua·-

178 1238 260 1264 rum
297 1226 501 1265 iniunctum
531 1227 722 1278 officium,
760 1235 838 1267 tum
878 1229 924 1268 ad
962 1241 1069 1268 usum
1104 1235 1180 1267 tum
1216 1229 1264 1268 ad
1296 1229 1557 1269 salubritatem

178 1289 293 1333 atque
323 1284 437 1321 etiam
459 1283 506 1321 ad
532 1285 778 1323 securitatem
802 1285 909 1323 urbis
933 1286 1145 1337 pertinenS,
1168 1285 1464 1325 administratum
1485 1298 1559 1337 per

177 1340 376 1389 principes
406 1351 562 1389 semper
592 1341 756 1379 civitatis
786 1346 942 1379 nostrae
974 1342 1101 1379 cives:
1140 1342 1300 1392 primum
1329 1353 1376 1381 ac
1404 1342 1558 1394 potissi-

179 1407 279 1432 mum
313 1395 512 1443 existimo,
553 1396 653 1433 sicut
689 1397 726 1434 in
763 1398 906 1435 ceteris
941 1398 1111 1446 negotiis
1139 1398 1400 1448 institueram,
1439 1409 1559 1436 nosse

168 1451 284 1501 >quod
322 1452 492 1501 suscepi.
554 1450 637 1502 (2.)
667 1451 805 1504 Neque
846 1453 945 1491 euim
974 1453 1091 1491 ullum
1119 1454 1242 1501 omnis
1277 1460 1386 1493 actus
1415 1454 1560 1493 certius

180 1506 464 1545 fundamentum
491 1507 736 1553 crediderim;
777 1514 839 1547 aut
869 1509 1003 1558 aliter,
1042 1520 1140 1560 quae
1175 1509 1351 1548 facienda
1380 1521 1559 1561 quaeque

179 1563 334 1602 vitanda
371 1564 467 1613 sint,
505 1575 624 1615 posse
664 1563 842 1608 decerni:
879 1565 1033 1604 aliudve
1061 1571 1138 1604 tam
1165 1565 1389 1604 indecorum
1416 1565 1559 1610 tolera-

180 1619 249 1657 bili
275 1619 382 1669 viro,
412 1631 524 1671 quam
548 1619 769 1670 delegatum
793 1621 960 1660 officium
991 1634 1042 1660 ex
1067 1621 1279 1661 adiutorum
1300 1633 1422 1672 agere
1447 1633 1558 1673 prae-

183 1676 328 1726 ceptis:
362 1676 466 1727 quod
495 1676 578 1714 fieri
603 1688 770 1716 necesse
799 1684 880 1727 est,
919 1678 1099 1729 quotiens
1125 1678 1315 1729 imperitia
1345 1679 1562 1730 praecessit

184 1732 282 1780 eius,
299 1731 346 1770 ad
370 1733 476 1770 cuius
498 1732 638 1771 crebro
659 1733 875 1772 decurritur
890 1746 1016 1772 usum:
1041 1745 1202 1785 quorum
1222 1734 1295 1773 etsi
1314 1734 1560 1773 necessariae

185 1794 317 1838 partes
345 1794 430 1826 sunt
459 1788 507 1827 ad
533 1789 804 1839 ministerium,
836 1796 962 1829 tamen
991 1791 1065 1829 sint
1091 1801 1168 1828 non
1195 1791 1269 1829 nisi
1290 1802 1423 1829 manus
1443 1801 1559 1842 quae-

184 1844 269 1881 dam
296 1850 334 1881 et
366 1845 651 1883 instrumentum
681 1847 843 1896 agentis.
903 1846 1152 1898 Quapropter
1177 1858 1247 1896 ea,
1279 1858 1378 1898 quae
1403 1846 1450 1886 ad
1479 1847 1559 1884 uni-

182 1911 336 1937 versam
357 1912 437 1938 rem
463 1902 694 1952 pertinentia
724 1902 952 1942 contrahere
974 1904 1101 1954 potui,
1130 1914 1238 1941 more
1256 1903 1329 1942 iam
1355 1914 1427 1955 per
1445 1902 1559 1941 multa

183 1955 274 1994 mihi
313 1956 442 1994 officia
476 1964 631 1996 servato
670 1958 707 1995 in
737 1959 911 1997 ordinem
940 1964 979 1997 et
1012 1959 1120 1998 velut
1150 1960 1189 1997 in
1218 1970 1361 2010 corpus
1391 1958 1558 2006 diducta,

186 2013 224 2050 in
252 2010 353 2049 hunc
378 2015 687 2054 commentarium
707 2015 870 2064 contuli,
903 2027 1017 2066 quem
1043 2026 1114 2066 pro
1135 2015 1298 2054 formula
1324 2012 1559 2053 administra-

119 2075 121 2077 ·
186 2068 301 2106 tionis
335 2069 535 2118 respicere
572 2081 741 2120 possem.
802 2071 844 2109 In
882 2071 968 2109 aliis
1002 2076 1128 2110 autem
1167 2070 1294 2120 libris,
1335 2079 1433 2120 quos
1469 2075 1561 2120 post

188 2123 452 2174 experimenta
492 2131 529 2162 et
563 2138 667 2164 usum
693 2128 914 2178 composui,
954 2127 1240 2166 succedentium
1267 2136 1332 2163 res
1362 2130 1447 2164 acta
1477 2131 1558 2163 est:

187 2180 298 2219 huius
328 2182 588 2219 commentarii
618 2182 794 2221 fortassis
826 2183 1032 2234 pertinebit
1062 2189 1100 2222 et
1129 2182 1175 2221 ad
1189 2191 1467 2220 successorem
1488 2181 1559 2220 uti-

191 2236 299 2280 litas;
335 2235 405 2275 sed
435 2248 518 2274 cum
548 2237 646 2274 inter
676 2239 775 2276 initia
806 2239 1138 2277 administrationis
1162 2248 1272 2275 meae
1303 2237 1479 2288 scriptus·
1498 2237 1559 2283 sit,

191 2293 229 2331 in
258 2293 389 2343 primis
425 2292 471 2331 ad
498 2304 619 2331 meam
646 2294 918 2333 institutionem
955 2294 1204 2345 regulamque
1228 2293 1419 2345 proficiet.
1477 2291 1561 2344 (3.)
