1566 2496
90 124 142 165 28
534 133 633 164 SEX.
665 133 781 164 1UL11
812 133 1037 165 mon-nm
1054 110 1062 119 ’

89 237 137 276 ad
157 236 335 288 corporis
363 247 491 274 curam
517 242 557 275 et
581 236 707 275 cibum
729 238 956 288 capiendum
972 237 1261 277 festinaverunt.
1302 236 1471 290 Iphicra-

88 300 148 332 tes
185 305 317 332 rursus
349 292 480 331 eduxit
511 298 550 331 et
577 293 822 345 incompositi
849 294 970 333 hostis
1001 294 1210 345 adgressus
1241 300 1301 333 est
1330 300 1470 334 castra.

202 349 241 389 6.
301 348 430 397 Idem,
463 360 548 387 cum
578 349 763 388 adversus
785 349 1113 390 Lacedaemonios
1137 350 1310 402 pluribus
1336 350 1472 389 diebus

88 412 217 445 castra
247 405 456 444 comminus
487 405 670 455 haberet,
703 412 741 444 et
776 413 937 458 utraque
965 419 1056 458 pars
1086 407 1203 446 certis
1233 406 1472 458 temporibus

87 462 246 502 adsidue
272 461 491 513 pabulatum
521 461 781 513 lignatumque
804 463 1062 514 procederet,
1094 463 1258 515 quodam
1287 463 1350 502 die
1377 463 1472 502 mili-

87 525 165 557 tum
202 518 332 558 habitu
368 529 506 557 servos
545 519 721 570 lixasque
751 519 889 558 dimisit
925 519 972 559 ad
1001 532 1179 569 munera,
1211 519 1352 558 milites
1381 521 1472 558 reti·

87 577 185 621 nuit;
222 581 260 614 et
303 587 388 613 cum
417 574 553 614 hostes
582 575 751 627 dispersi
781 581 914 614 essent
944 576 991 615 ad
1021 575 1156 615 similia
1185 588 1365 626 munera,
1404 589 1471 615 ex-

87 632 270 684 pugnavit
297 637 424 670 castra
454 642 586 670 eorum
615 633 883 683 inermesque,
916 644 1000 671 cum
1026 632 1222 671 fasciculis
1253 633 1395 684 passim
1425 632 1471 671 ad

88 689 285 728 tumultum
312 694 585 736 recurrentes,
617 688 733 727 facile
765 694 829 727 aut
858 688 998 728 cecidit
1025 694 1089 727 aut
1122 689 1238 739 cepit.

200 746 238 784 7.
296 743 494 794 Virginius
524 744 660 784 consul
689 746 726 789 in
748 744 929 794 Volscis,
964 757 1048 784 cum
1075 755 1310 796 procurrere
1338 743 1472 783 hostes

87 801 232 840 effusos
269 812 319 838 ex
350 799 561 852 longinquo
593 801 776 850 vidisset,
817 802 1023 853 quiescere
1063 812 1155 840 suos
1184 813 1230 839 ac
1260 799 1385 839 defixa
1415 805 1471 839 te-

86 870 181 896 nere
219 856 297 908 pila
323 857 452 895 iussit:
494 863 581 896 tunc
620 857 861 896 anhelantem
895 857 1057 908 integris
1099 856 1245 896 viribus
1276 857 1471 895 exercitus

85 916 142 953 sui
171 913 382 963 adgressus
410 914 560 952 avertit.

198 968 237 1010 8.
295 969 437 1007 Fabius
468 969 677 1020 Maximus,
710 981 787 1008 non
821 970 998 1020 ignarus,
1038 968 1172 1009 Gallos
1207 975 1248 1008 et
1283 969 1471 1008 Samnites

84 1027 208 1079 primo
239 1026 382 1077 impetu
410 1026 664 1077 praevalere,
693 1037 847 1064 suorum
877 1032 1005 1065 autem
1033 1025 1292 1077 infatigabiles
1317 1025 1471 1076 spiritus

84 1085 184 1122 inter
213 1093 342 1121 moras
372 1081 597 1122 decertandi
620 1083 733 1121 etiam
758 1082 1025 1132 incalescere,
1056 1082 1256 1134 imperavit
1274 1080 1469 1130 militibus,

85 1140 254 1178 contenti
291 1144 424 1177 essent
463 1139 586 1190 primo
619 1150 835 1189 congressu
866 1140 1080 1188 sustinere,
1118 1144 1158 1177 ut
1187 1138 1338 1177 hostem
1365 1148 1472 1175 mora

84 1197 311 1246 fatigarent:
343 1195 445 1246 quod
475 1195 540 1234 ubi
569 1196 784 1245 successit,
825 1195 977 1234 admoto
1013 1195 1126 1233 etiam
1153 1194 1347 1246 praesidio
1376 1194 1469 1242 suis,

84 1254 119 1291 in
147 1254 268 1304 prima
297 1252 382 1290 acie
413 1252 601 1290 universis
626 1251 774 1290 viribus
803 1251 1033 1303 obpressum
1062 1250 1156 1289 fudit
1185 1250 1350 1289 hostem.

198 1309 236 1348 9.
296 1307 495 1359 Philippus
526 1308 572 1346 ad
594 1306 870 1356 Chaeroniam,
901 1318 1069 1356 memor,
1104 1307 1176 1346 sibi
1198 1319 1288 1345 esse
1312 1306 1469 1345 militem

84 1365 203 1415 longo
235 1376 305 1402 usu
337 1363 531 1413 duratum,
560 1363 860 1402 Atheniensibus
887 1375 1017 1402 acrem
1043 1363 1197 1414 quidem
1221 1363 1291 1402 sed
1318 1363 1469 1401 inexer-

84 1423 238 1460 citatum
270 1425 309 1458 et
346 1419 490 1470 impetu
526 1426 667 1458 tantum
704 1419 936 1467 violentum,
974 1432 1023 1458 ex
1061 1420 1243 1458 industria
1280 1419 1470 1470 proelium

84 1478 219 1520 traxit3
261 1486 429 1527 moxque
460 1475 730 1526 languentibus
769 1476 842 1514 iam
879 1475 1203 1525 Atheniensibus,
1241 1475 1469 1514 concitatius

85 1533 209 1572 intulit
240 1533 348 1582 signa
380 1539 418 1570 et
449 1532 554 1583 ipsos
587 1532 741 1570 cecidit.

200 1590 263 1631 10.
326 1587 623 1627 Lacedaemonii
639 1589 828 1627 certiores
845 1587 892 1626 ab
910 1587 1223 1639 exploratoribus
1240 1587 1345 1635 facti,
1368 1585 1468 1625 Mes-

83 1647 215 1685 senios
254 1646 292 1684 in
323 1657 404 1684 eam
438 1645 633 1684 exarsisse
660 1644 827 1693 rabiem,
864 1650 903 1682 ut
935 1645 972 1682 in
1004 1644 1191 1695 proelium
1223 1655 1308 1682 cum
1339 1643 1468 1681 coniu-

84 1702 198 1753 gibus
228 1714 274 1741 ac
304 1701 437 1740 liberis
470 1701 774 1749 descenderent,
804 1712 969 1750 pugnam
996 1700 1236 1739 distulerunt.

200 1759 264 1797 11.
327 1756 370 1796 C.
401 1756 548 1796 Caesar
583 1757 689 1796 bello
722 1757 845 1806 civili,
889 1769 973 1796 cum
1014 1757 1225 1796 exercitum
1257 1755 1404 1794 Afranii
1432 1761 1471 1793 et

83 1814 226 1853 Petreii
259 1814 586 1853 circumvallatum
616 1815 677 1852 siti
707 1819 882 1863 angeret,
906 1814 1017 1864 isque
1047 1812 1096 1851 ob
1120 1813 1470 1863 hoo.exasperatus

84 1870 298 1909 interfectis
322 1870 496 1908 omnibus
518 1869 798 1921 impedimentis
820 1869 867 1908 ad
885 1881 1050 1920 pugnam
1071 1868 1356 1917 descendisset,
1379 1878 1469 1906 con-

84 1927 193 1966 tinuit
233 1938 347 1975 suos,
387 1926 589 1965 arbitratus
627 1926 791 1964 alienum
821 1926 1055 1965 dimicationi
1085 1932 1256 1977 tempuS,
1297 1934 1374 1975 quo
1404 1922 1468 1962 ad·

86 1983 281 2022 versarios
312 1988 350 2020 et
376 1983 431 2020 ira
459 1988 496 2020 et
523 1982 746 2033 desperatio
774 1982 1011 2021 incenderat.

201 2037 264 2078 12.
327 2036 396 2076 Cn.
429 2038 657 2089 Pompeius,
692 2038 902 2088 fugientem
937 2036 1193 2077 Mithridatem
1226 2036 1383 2086 cupiens
1422 2035 1468 2073 ad

85 2095 274 2148 proelium
311 2094 574 2145 compellere,
615 2094 737 2144 elegit
772 2101 924 2145 tempus
960 2093 1191 2133 dimicationi
1227 2096 1467 2140 nocturnum,

84 2158 125 2191 ut
156 2152 308 2192 adeunti
338 2163 381 2188 se
419 2149 657 2201 obponeret;
700 2157 814 2202 atque
849 2151 899 2189 ita
932 2155 1184 2201 praeparatus
1210 2146 1371 2186 subitam
1400 2146 1467 2185 ho-

85 2209 210 2247 stibus
238 2207 511 2246 necessitatem
539 2206 772 2245 decernendi
805 2207 946 2245 iniecit.
1007 2207 1213 2245 Praeterea
1240 2203 1296 2242 sic
1326 2203 1466 2241 consti-

84 2266 154 2303 tuit
178 2265 323 2312 aciem,
353 2269 394 2302 ut
423 2262 667 2301 Ponticorum
699 2262 852 2313 quidem
884 2262 1020 2301 oculos
1053 2260 1215 2299 adversa
1242 2259 1328 2297 luna
1354 2270 1466 2310 prae-

84 2322 307 2372 stringeret,
323 2321 401 2359 suis
417 2325 540 2358 autem
558 2318 744 2357 illustrem
761 2324 797 2357 et
814 2318 1062 2370 conspicuum
1079 2315 1285 2368 praeberet
1302 2315 1465 2354 hostem.
