1566 2496
204 151 268 183 m:
301 120 454 190 Aoum
482 148 711 180 Ducrnms
735 147 872 180 umus
897 146 1056 178 ROMAE
1086 146 1237 177 menn.
1319 135 1399 175 103

30 266 113 294 rum
141 254 240 293 locis
265 251 527 304 compluribus
548 263 725 303 passuum
750 261 865 294 DxL;
896 262 1018 302 opere
1041 256 1400 301 arcuato-passuum

31 318 142 350 DCC:
182 309 473 361 adquisitionum
499 308 635 347 ductus
664 308 735 346 rivi
773 307 1014 346 subterranei
1050 306 1221 345 efficiunt
1262 319 1400 358 passus

34 367 224 406 nocem.

109 439 112 442 ⁴
146 421 211 461 11.
265 420 376 469 Quae
412 421 511 469 ratio
547 420 713 457 moverit
750 418 987 469 Augustum,
1027 418 1402 469 providentissimum

32 477 257 529 fficipem,
275 475 511 528 perducendi
523 475 748 514 Alsietinam
763 487 912 526 aquam,
925 483 1025 526 quae
1041 480 1201 513 vocatur
1212 475 1400 524 Augusta,

27 536 110 573 snon
145 534 238 573 satis
267 533 487 584 perspicio,
516 531 658 570 nullius
685 531 855 581 gratiae,
890 532 1004 569 immo
1034 531 1148 569 etiam
1179 543 1311 582 parum
1342 543 1400 570 sa·

32 589 203 638 lubrem,
227 588 394 640 ideoque
413 599 597 638 nusquam
626 588 662 625 in
692 599 782 626 usus
804 586 939 638 populi
963 586 1162 631 fluentem;
1191 587 1262 624 nisi
1284 587 1401 636 forte,

33 657 119 684 cum
153 656 252 696 opus
287 644 532 684 naumachiae
570 643 869 693 adgrederetur,
907 655 956 681 ne
996 643 1085 693 quid
1122 642 1402 681 salubrioribus

33 701 143 752 aquis
160 700 403 748 detraheret,
434 700 532 738 hanc
550 700 710 750 proprio
741 711 865 750 opere
887 698 1065 750 perduxit
1094 705 1156 747 et,
1188 699 1289 749 quod
1311 711 1401 737 nau·

33 755 208 795 machiae
230 761 417 807 coeperat
442 767 673 806 superesse,
699 755 820 794 hortis
848 754 1134 793 subiacentibus
1164 761 1203 793 et
1233 756 1403 806 privato-

35 823 119 852 rum
153 811 286 850 usibus
320 810 369 849 ad
396 811 629 860 irrigandum
657 812 863 849 concessit.
922 810 1033 849 Solet
1062 817 1186 849 tamen
1217 823 1266 849 ex
1296 823 1341 849 ea
1367 811 1404 848 in

36 867 323 906 Transtiberina
345 866 528 916 regione,
560 867 737 918 quotiens
768 873 906 917 pontes
934 867 1157 905 reficiuntur
1188 874 1226 905 et
1262 879 1283 905 a
1311 869 1404 905 cite-

36 924 141 962 riore
165 923 250 973 ripa
274 934 396 973 aquae
427 928 601 969 cessant,
636 934 686 960 ex
710 923 945 960 necessitate
978 923 1015 959 in
1043 922 1252 960 subsidium
1281 923 1403 974 publi-

39 989 172 1017 corum
191 977 403 1016 salientium
424 978 519 1017 dari.
579 977 804 1029 Concipitur
818 990 868 1015 ex
885 977 970 1016 lacu
990 978 1194 1026 Alsietino,
1212 980 1273 1017 via
1291 977 1404 1017 Clau-

37 1034 123 1084 dia,
150 1033 310 1072 miliario
338 1040 442 1083 XIV,
471 1033 698 1072 diverticulo
732 1034 957 1072 dextrorsus
984 1045 1165 1084 passuum
1193 1043 1241 1072 VI
1264 1034 1407 1072 milium

39 1099 88 1129 Ι).
143 1088 290 1128 Ductus
328 1091 411 1128 eius
442 1089 560 1128 eflicit
597 1089 869 1139 longitudinem
909 1101 1086 1140 passuum
1127 1098 1227 1128 XXII
1265 1090 1407 1128 milium

39 1154 220 1189 CLXXIR
251 1148 372 1196 opere
402 1151 558 1184 arcuato
587 1157 765 1196 passuum
792 1153 1002 1184 CCCLVm.

152 1200 218 1240 12.
274 1200 379 1240 Idem
401 1201 597 1251 Augustus
623 1202 661 1239 in
681 1201 984 1252 supplementum
1005 1200 1193 1250 Marciae,
1229 1203 1406 1252 quotiens

40 1257 236 1296 siccitates
255 1263 415 1307 egerent
435 1257 591 1306 auxilio,
609 1257 719 1295 aliam
738 1269 874 1309 aquam
896 1257 1067 1295 eiusdem
1087 1257 1266 1296 bonitatis
1285 1270 1408 1309 opere

40 1312 290 1351 subterraneo
329 1312 509 1364 perduxit
545 1325 668 1364 usque
698 1313 746 1351 ad
773 1312 939 1352 Marciae
970 1314 1113 1362 rivum,
1150 1325 1250 1365 quae
1280 1314 1327 1353 ab
1354 1315 1409 1352 in-

40 1374 202 1409 ventore
231 1368 447 1420 adpellatur
466 1369 653 1418 Augusta.
712 1368 891 1407 Nascitur
915 1369 1014 1407 ultra
1042 1369 1188 1408 fontem
1217 1369 1407 1408 Marciae:

41 1425 150 1463 cuius
175 1424 331 1474 ductus,
362 1424 487 1464 donec
512 1424 679 1463 Marciae
707 1425 891 1473 accedat,
922 1425 1043 1464 efficit
1069 1437 1208 1477 passus
1234 1435 1367 1467 DCCC.

155 1479 220 1520 13.
279 1480 372 1519 Post
406 1480 478 1519 hos
508 1479 551 1519 C.
585 1479 750 1529 Caesar,
792 1482 855 1532 qui
885 1480 1042 1519 TiberIo
1071 1483 1285 1531 successit,
1324 1495 1410 1520 cum

30 1547 175 1586 parum
199 1547 221 1574 e
239 1535 403 1587 publicis
425 1535 556 1574 usibus
579 1542 618 1574 et
636 1538 794 1587 privatis
811 1536 1072 1587 voluptatibus
1099 1543 1248 1588 septem
1274 1538 1409 1576 ductus

43 1589 224 1641 'aquarum
262 1591 442 1629 sufficere
475 1591 719 1640 viderentur,
761 1592 884 1630 altero
923 1592 1072 1642 imperii
1112 1594 1170 1630 sui
1206 1605 1326 1642 anno,
1358 1593 1408 1631 M.

45 1645 199 1695 Aquilio
227 1645 395 1694 Iuliano,
433 1646 473 1684 P.
509 1646 620 1684 Nono
651 1647 869 1697 Asprenate
900 1648 1146 1696 consulibus,
1178 1660 1275 1686 auno
1306 1648 1411 1687 urbis

46 1699 223 1739 conditae
238 1709 527 1750 DCCLXXXIX,
549 1702 645 1740 duos
667 1702 803 1740 ductus
819 1703 1033 1741 inchoavit:
1058 1703 1161 1754 quod
1182 1715 1281 1755 opus
1299 1704 1412 1743 Clau·

48 1755 132 1794 dius
166 1756 536 1805 magnificentissime
581 1759 854 1796 consummavit
894 1758 1186 1809 dedicavitque,
1227 1760 1334 1799 Sulla
1373 1767 1412 1798 et

49 1809 198 1850 Titiano
222 1811 464 1860 consulibus,
495 1823 592 1850 anno
633 1819 720 1863 post
754 1813 886 1852 urbem
915 1815 1105 1853 conditam
1134 1823 1308 1854 DCCCIII
1338 1815 1411 1854 Ka-

46 1866 171 1905 lendis
191 1866 386 1917 Augustis.
441 1867 564 1906 Alteri
591 1879 749 1918 nomen‚
778 1881 877 1920 quae
908 1882 959 1908 ex
986 1870 1156 1909 fontibus
1186 1870 1352 1910 Caerulo
1375 1879 1413 1910 et

48 1920 179 1961 Curtio
218 1922 523 1973 perducebatur,
567 1922 749 1962 Claudiae
786 1924 924 1964 datum.
984 1926 1091 1965 Haec
1127 1926 1297 1966 bonitate
1323 1939 1412 1977 pro-

46 1979 147 2016 xima
182 1984 242 2017 est
269 1977 449 2020 Marciae.
506 1978 662 2028 Altera,
694 1982 870 2030 quoniam
898 1982 995 2020 duae
1024 1982 1184 2021 Anionis
1214 1985 1250 2021 in
1277 1984 1412 2022 'urbem

47 2045 170 2084 aquae
211 2034 331 2072 fluere
362 2041 593 2085 coeperant,
632 2041 672 2074 ut
700 2036 849 2075 facilius
878 2038 1203 2089 appellationibus
1234 2040 1411 2078 dinosce-

47 2096 199 2139 rentur,
236 2089 335 2128 Anio
372 2089 494 2128 Vetus
534 2091 693 2130 vocitari
740 2093 882 2143 coepit.
948 2093 1056 2132 Alias
1094 2106 1227 2134 omnes
1274 2094 1411 2145 perdit.

48 2142 170 2184 Priori
197 2145 336 2183 Anioni
366 2153 656 2195 cognomentum
679 2147 835 2186 Veteris
864 2149 1066 2188 adiectum.

163 2202 226 2240 14.
281 2199 439 2240 Claudia
481 2203 694 2253 concipitur
735 2204 797 2242 via
834 2204 1083 2254 Sublacensi,
1124 2206 1170 2244 ad
1215 2205 1413 2242 miliarium

52 2261 254 2305 XXXVIII,
285 2257 513 2296 diverticulo
543 2259 786 2297 sinistrorsus
804 2260 899 2299 intra
924 2273 1061 2311 passus
1087 2269 1192 2308 CCC,
1225 2272 1273 2298 ex
1302 2259 1414 2297 fonti-

53 2307 126 2347 bus
145 2310 291 2351 duobus
321 2313 562 2364 amplissimis
598 2319 635 2351 et
665 2316 877 2365 speciosis,
909 2315 1096 2365 Caerulo,
1137 2316 1200 2365 qui
1229 2327 1249 2353 a
1285 2314 1413 2353 simili·
