1566 2496
241 140 693 174 srmmonuxncou
721 140 811 172 mn.
842 139 910 172 111.
941 140 1041 171 CAP.
1073 140 1103 172 1.
1130 139 1178 170 11.
1350 130 1400 170 61

573 242 770 283 CAPUT
808 243 855 282 Π.

264 331 328 363 ns
356 331 617 363 mnnnnms
646 331 705 363 11s
715 353 727 375 ‚
755 330 835 370 Qm
864 330 1172 379 OBSIDENTUR.

140 416 176 455 1.
214 414 402 454 Domitius
422 413 625 462 Calvinus,
657 424 742 451 cum
760 411 957 451 obsideret
974 411 1130 462 Lunam,
1149 411 1330 463 oppidum
1345 411 1404 451 Li-

24 484 160 524 gurum
190 483 266 511 non
296 473 368 510 situ
393 466 535 510 tantum
561 476 600 509 et
628 469 813 520 operibus
842 480 975 507 verum
1006 469 1119 507 etiam
1144 474 1404 520 propugnato-

23 541 106 568 rum
133 528 366 579 praestantia
394 532 533 575 tutum,
562 526 713 565 circuiri
737 536 865 563 muros
887 524 1112 575 frequenter
1132 524 1307 563 omnibus
1337 536 1404 563 co-

22 585 98 636 piis
124 585 284 623 instituit
317 583 552 634 easdemque
587 582 776 620 reducere
816 582 853 619 in
884 582 1023 619 casti-a.
1082 579 1167 628 Qua
1198 587 1402 632 consuetu-

24 640 111 679 dine
131 639 296 679 inductis
315 641 367 678 ita
383 639 608 691 oppidanis,
630 643 669 676 ut
690 637 894 676 crederent
916 637 1203 676 exercitationis
1226 637 1261 676 id
1278 638 1403 688 gratia

23 695 159 735 facere
188 695 419 744 Romanum,
458 701 496 733 et
525 694 575 733 ob
605 694 681 733 hoc
711 693 802 732 nihil
839 692 887 732 ab
926 705 974 731 eo
999 699 1137 732 conatu
1159 693 1400 743 caventibus,

23 762 169 790 morem
197 751 303 790 illum
331 750 598 789 obambulandi
629 751 665 788 in
690 749 851 789 subitum
883 749 1024 788 direxit
1051 751 1254 801 impetum,
1285 761 1400 788 occu-

23 808 201 859 patisque
229 806 430 845 moenibus
468 807 684 857 expressit,
717 812 755 844 ut
782 818 826 844 se
854 806 962 856 ipsos
992 806 1178 844 dederent
1207 806 1399 857 oppidani.

137 862 175 901 2.
228 861 273 901 C.
302 861 452 901 Duilius
488 861 622 900 consul
658 861 819 900 subinde
861 862 1084 900 exercendo
1120 861 1260 900 milites
1287 862 1398 900 remi-

23 931 174 970 gesque
204 924 435 957 consecutus
470 923 552 967 est,
593 923 654 966 ut,
693 917 841 955 securis
870 915 1250 967 Carthaginiensibus
1277 930 1398 968 usque

23 976 59 1012 in
90 975 127 1014 id
152 980 303 1026 tempus
328 974 505 1012 innoxiae
526 973 826 1022 consuetudinis,
853 972 978 1011 subito
1002 972 1153 1012 admota
1175 973 1302 1012 classe
1319 986 1398 1012 mu-

22 1043 104 1069 rum
129 1036 352 1081 occuparet.

134 1086 172 1126 3.
225 1085 411 1124 Hannibal
437 1086 474 1123 in
503 1084 610 1124 Italia
634 1085 770 1123 multas
795 1083 914 1123 urbes
945 1085 1070 1135 cepit,
1098 1097 1183 1124 cum
1203 1084 1394 1124 Romano·

21 1154 102 1181 rum
123 1141 250 1181 habitu
273 1141 460 1193 quosdam
479 1152 657 1191 suorum,
686 1153 735 1179 ex
757 1141 874 1191 longo
896 1140 990 1179 belli
1010 1153 1081 1179 usu
1103 1141 1219 1180 latine
1242 1153 1396 1194 quoque

21 1197 248 1250 loquentes,
280 1199 555 1249 praemitteret.

130 1255 170 1292 4.
228 1253 403 1292 Arcades
438 1252 718 1291 Messeniorum
761 1252 962 1291 castellum
997 1252 1243 1303 obsidentes,
1284 1253 1397 1292 sactis

20 1309 245 1360 quibusdam
271 1311 386 1348 armis
415 1309 462 1348 ad
486 1309 766 1347 similitudinem
791 1308 1006 1358 hostilium,
1035 1320 1083 1347 eo
1112 1315 1290 1361 tempore
1318 1321 1394 1361 quo

19 1378 248 1409 successura
279 1366 353 1405 alia
383 1365 442 1404 his
474 1365 666 1416 praesidia
698 1365 1019 1416 exploraverant,
1058 1366 1232 1404 instructi
1262 1377 1395 1404 eorum

20 1423 83 1472 qui
113 1421 436 1473 exspectabantur
468 1427 603 1459 ornatu
637 1421 869 1472 admissique
907 1433 978 1472 per
1014 1421 1114 1460 hunc
1153 1433 1325 1473 errorem
1355 1428 1395 1461 ut

20 1478 138 1523 socii,
173 1478 462 1529 possessionem
491 1477 566 1516 loci
596 1489 680 1515 cum
709 1483 838 1527 strage
869 1477 1030 1515 hostium
1061 1478 1191 1529 adepti
1217 1485 1315 1517 sunt.

130 1534 168 1572 5.
229 1532 362 1572 Cimon
386 1534 461 1572 dux
489 1533 799 1581 Atheniensium,
829 1533 866 1570 in
892 1531 1004 1571 Caria
1025 1533 1222 1572 insidiatus
1246 1534 1393 1573 cuidam

18 1589 184 1638 civitati,
222 1589 447 1639 religiosum
485 1589 623 1627 incolis
661 1588 844 1639 templum
879 1587 1026 1626 Dianae
1062 1588 1290 1640 lucumque,
1331 1591 1394 1641 qui

17 1650 126 1683 extra
153 1656 282 1683 muros
304 1651 409 1694 erat,
439 1651 554 1683 noctu
580 1645 810 1695 improvisus
833 1644 1020 1687 incendit;
1051 1645 1262 1696 effusisque
1284 1647 1393 1697 oppi-

16 1699 125 1738 danis
155 1700 200 1738 ad
233 1711 349 1751 opem
378 1700 565 1738 adversus
597 1701 710 1749 ignes
737 1699 958 1749 ferendam,
988 1712 1148 1739 vacuam
1179 1701 1393 1740 defensori-

16 1753 87 1792 bus
115 1755 218 1805 cepit
242 1755 389 1794 urbem.

128 1810 166 1848 6.
225 1810 448 1849 Alcibiades
483 1810 559 1849 dux
587 1811 899 1862 Atheniensium,
940 1825 1023 1850 cum
1060 1814 1251 1853 civitatem
1277 1814 1390 1865 Agri-

15 1867 254 1916 gentinorum
282 1867 444 1916 egregie
475 1867 651 1906 munitam
678 1867 897 1917 obsideret,
928 1870 1049 1919 petito
1073 1869 1120 1908 ab
1143 1871 1200 1908 eis
1222 1871 1390 1910 concilio

13 1922 76 1960 diu
102 1927 292 1973 tamquam
321 1921 370 1959 dc
398 1921 515 1960 rebus
540 1922 586 1961 ad
617 1933 814 1962 commune
840 1924 1117 1975 pertinentibus
1149 1926 1328 1965 disseruit
1353 1928 1390 1966 in

12 1977 184 2026 theatro,
213 1976 276 2015 ubi
306 1988 355 2015 ex
382 1989 490 2016 more
518 1977 751 2017 Graecorum
781 1978 907 2018 locus·
926 1981 1197 2020 consultationi
1226 1982 1388 2034 praebe-

11 2032 143 2072 batur:
173 2033 336 2084 dumque
367 2033 516 2072 consilii
550 2035 684 2085 specie
714 2039 820 2073 tenet
847 2036 1147 2087 multitudinem,
1179 2038 1389 2077 Athenien-

13 2101 102 2138 ses,
134 2100 232 2140 quos
254 2089 301 2127 ad
323 2088 359 2127 id
383 2095 707 2140 praeparaverat,
737 2091 1003 2132 incustoditam
1026 2093 1161 2133 urbem
1187 2100 1386 2145 ceperunt.

123 2145 161 2183 7.
219 2144 501 2195 Epaminondas
519 2143 747 2194 Thebanus,
777 2147 815 2185 in
841 2146 1006 2188 Arcadia
1037 2149 1099 2188 die
1128 2150 1231 2189 festo
1263 2150 1387 2188 effuse

13 2204 121 2238 extra
134 2202 284 2240 moenia
302 2200 528 2251 vagantibus
544 2200 708 2240 hostium
723 2201 887 2253 feminis,
904 2204 1117 2256 plerosque
1134 2218 1184 2244 ex
1203 2204 1387 2243 militibus

11 2255 90 2293 suis
105 2256 279 2295 muliebri
300 2263 433 2295 ornatu
455 2258 678 2296 immiscuit:
710 2269 784 2309 qua
799 2259 1039 2299 simulatione
1058 2261 1113 2299 illi
1135 2262 1230 2299 intra
1253 2266 1386 2311 portas

10 2309 81 2348 sub
114 2317 264 2351 noctem
293 2317 465 2365 recepti,
504 2319 691 2364 ceperunt
721 2314 902 2366 oppidum
933 2322 971 2355 et
999 2317 1076 2355 suis
1108 2322 1353 2368 aperuerunt.
