<?xml version="1.0" encoding="UTF-8"?>
<!DOCTYPE html PUBLIC "-//W3C//DTD XHTML 1.0 Transitional//EN"
    "http://www.w3.org/TR/xhtml1/DTD/xhtml1-transitional.dtd">
<html xmlns="http://www.w3.org/1999/xhtml" xml:lang="en" lang="en">
 <head>
  <title>
</title>
<meta http-equiv="Content-Type" content="text/html;charset=utf-8" />
  <meta name='ocr-system' content='tesseract 3.04.00' />
  <meta name='ocr-capabilities' content='ocr_page ocr_carea ocr_par ocr_line ocrx_word'/>
</head>
<body>
  <div class='ocr_page' id='page_1' title='image "./strategematiconl00fronuoft_0103.png"; bbox 0 0 1566 2496; ppageno 0'>
   <div class='ocr_carea' id='block_1_1' title="bbox 296 145 1406 186">
    <p class='ocr_par' dir='ltr' id='par_1_1' title="bbox 296 145 1406 186">
     <span class='ocr_line' id='line_1_1' title="bbox 296 145 1406 186; baseline 0 0"><span class='ocrx_word' id='word_1_1' title='bbox 296 153 744 186; x_wconf 70' lang='lat' dir='ltr'>smrsesmncos</span> <span class='ocrx_word' id='word_1_2' title='bbox 769 154 862 186; x_wconf 74' lang='lat' dir='ltr'>nm.</span> <span class='ocrx_word' id='word_1_3' title='bbox 882 154 943 186; x_wconf 79' lang='lat' dir='ltr'>lv.</span> <span class='ocrx_word' id='word_1_4' title='bbox 971 154 1073 186; x_wconf 77' lang='lat' dir='ltr'>CAP.</span> <span class='ocrx_word' id='word_1_5' title='bbox 1107 156 1137 186; x_wconf 93' lang='lat'>1.</span> <span class='ocrx_word' id='word_1_6' title='bbox 1353 145 1406 186; x_wconf 82' lang='grc'>83</span> 
     </span>
    </p>
   </div>
   <div class='ocr_carea' id='block_1_2' title="bbox 39 255 1446 2376">
    <p class='ocr_par' dir='ltr' id='par_1_2' title="bbox 39 255 1405 365">
     <span class='ocr_line' id='line_1_2' title="bbox 152 255 1405 309; baseline 0.001 -12"><span class='ocrx_word' id='word_1_7' title='bbox 152 257 221 298; x_wconf 80' lang='lat'>34.</span> <span class='ocrx_word' id='word_1_8' title='bbox 276 255 429 309; x_wconf 80' lang='lat' dir='ltr'>Appius</span> <span class='ocrx_word' id='word_1_9' title='bbox 456 255 638 296; x_wconf 85' lang='lat' dir='ltr'>Claudius</span> <span class='ocrx_word' id='word_1_10' title='bbox 659 268 711 296; x_wconf 88' lang='lat' dir='ltr'>ex</span> <span class='ocrx_word' id='word_1_11' title='bbox 737 256 817 306; x_wconf 85' lang='lat' dir='ltr'>his,</span> <span class='ocrx_word' id='word_1_12' title='bbox 848 257 913 308; x_wconf 90' lang='lat' dir='ltr'>qui</span> <span class='ocrx_word' id='word_1_13' title='bbox 937 257 1027 296; x_wconf 91' lang='lat' dir='ltr'>loco</span> <span class='ocrx_word' id='word_1_14' title='bbox 1054 265 1274 308; x_wconf 80' lang='lat' dir='ltr'>cesserant,</span> <span class='ocrx_word' id='word_1_15' title='bbox 1301 259 1405 298; x_wconf 87' lang='lat' dir='ltr'>deci·</span> 
     </span>
     <span class='ocr_line' id='line_1_3' title="bbox 39 312 1213 365; baseline 0 -12"><span class='ocrx_word' id='word_1_16' title='bbox 39 325 140 353; x_wconf 72' lang='lat' dir='ltr'>mun</span> <span class='ocrx_word' id='word_1_17' title='bbox 167 320 358 365; x_wconf 72' lang='lat' dir='ltr'>quemque</span> <span class='ocrx_word' id='word_1_18' title='bbox 383 312 540 351; x_wconf 89' lang='lat' dir='ltr'>militem</span> <span class='ocrx_word' id='word_1_19' title='bbox 570 318 678 352; x_wconf 89' lang='lat' dir='ltr'>sorte</span> <span class='ocrx_word' id='word_1_20' title='bbox 707 313 859 352; x_wconf 84' lang='lat' dir='ltr'>ductum</span> <span class='ocrx_word' id='word_1_21' title='bbox 889 313 979 352; x_wconf 78' lang='lat' dir='ltr'>fusti</span> <span class='ocrx_word' id='word_1_22' title='bbox 1008 315 1213 365; x_wconf 85' lang='lat' dir='ltr'>percussit.</span> 
     </span>
    </p>

    <p class='ocr_par' dir='ltr' id='par_1_3' title="bbox 39 367 1446 533">
     <span class='ocr_line' id='line_1_4' title="bbox 149 367 1410 422; baseline 0 -13"><span class='ocrx_word' id='word_1_23' title='bbox 149 369 216 410; x_wconf 77' lang='lat'>35.</span> <span class='ocrx_word' id='word_1_24' title='bbox 267 368 409 408; x_wconf 79' lang='lat' dir='ltr'><strong>Fabius</strong></span> <span class='ocrx_word' id='word_1_25' title='bbox 434 367 572 407; x_wconf 86' lang='lat' dir='ltr'>Rullus</span> <span class='ocrx_word' id='word_1_26' title='bbox 601 369 736 408; x_wconf 90' lang='lat' dir='ltr'>consul</span> <span class='ocrx_word' id='word_1_27' title='bbox 773 381 823 408; x_wconf 83' lang='lat' dir='ltr'>ex</span> <span class='ocrx_word' id='word_1_28' title='bbox 853 368 1000 408; x_wconf 84' lang='lat' dir='ltr'>duabus</span> <span class='ocrx_word' id='word_1_29' title='bbox 1038 369 1279 421; x_wconf 86' lang='lat' dir='ltr'>legionibus,</span> <span class='ocrx_word' id='word_1_30' title='bbox 1308 381 1410 422; x_wconf 86' lang='lat' dir='ltr'>qnae</span> 
     </span>
     <span class='ocr_line' id='line_1_5' title="bbox 39 424 1407 478; baseline -0.001 -11"><span class='ocrx_word' id='word_1_31' title='bbox 39 427 130 467; x_wconf 67' lang='lat' dir='ltr'>mo</span> <span class='ocrx_word' id='word_1_32' title='bbox 156 430 381 474; x_wconf 70' lang='lat' dir='ltr'>cesserant,</span> <span class='ocrx_word' id='word_1_33' title='bbox 411 426 580 468; x_wconf 16' lang='lat' dir='ltr'>*vicenos</span> <span class='ocrx_word' id='word_1_34' title='bbox 617 431 724 464; x_wconf 86' lang='lat' dir='ltr'>sorte</span> <span class='ocrx_word' id='word_1_35' title='bbox 751 424 887 464; x_wconf 89' lang='lat' dir='ltr'>ductos</span> <span class='ocrx_word' id='word_1_36' title='bbox 922 426 960 464; x_wconf 92' lang='lat' dir='ltr'>in</span> <span class='ocrx_word' id='word_1_37' title='bbox 995 432 1210 478; x_wconf 87' lang='lat' dir='ltr'>conspectu</span> <span class='ocrx_word' id='word_1_38' title='bbox 1250 426 1407 465; x_wconf 89' lang='lat' dir='ltr'>militum</span> 
     </span>
     <span class='ocr_line' id='line_1_6' title="bbox 39 481 1446 533; baseline -0.002 -11"><span class='ocrx_word' id='word_1_39' title='bbox 39 481 167 522; x_wconf 80' lang='lat' dir='ltr'>securi</span> <span class='ocrx_word' id='word_1_40' title='bbox 193 482 399 533; x_wconf 75' lang='lat' dir='ltr'><strong>percussit.</strong></span> <span class='ocrx_word' id='word_1_41' title='bbox 1443 486 1446 487; x_wconf 72' lang='grc'>’</span> 
     </span>
    </p>

    <p class='ocr_par' dir='ltr' id='par_1_4' title="bbox 39 537 1410 644">
     <span class='ocr_line' id='line_1_7' title="bbox 151 537 1410 590; baseline -0.001 -12"><span class='ocrx_word' id='word_1_42' title='bbox 151 537 218 578; x_wconf 90' lang='grc'>36.</span> <span class='ocrx_word' id='word_1_43' title='bbox 276 537 454 588; x_wconf 81' lang='lat' dir='ltr'>Aquilius</span> <span class='ocrx_word' id='word_1_44' title='bbox 490 542 623 577; x_wconf 88' lang='lat' dir='ltr'>ternos</span> <span class='ocrx_word' id='word_1_45' title='bbox 663 548 715 575; x_wconf 84' lang='lat' dir='ltr'>ex</span> <span class='ocrx_word' id='word_1_46' title='bbox 756 537 958 587; x_wconf 88' lang='lat' dir='ltr'>centuriis,</span> <span class='ocrx_word' id='word_1_47' title='bbox 1001 549 1159 590; x_wconf 88' lang='lat' dir='ltr'>quarum</span> <span class='ocrx_word' id='word_1_48' title='bbox 1204 539 1319 577; x_wconf 84' lang='lat' dir='ltr'>statio</span> <span class='ocrx_word' id='word_1_49' title='bbox 1360 538 1410 577; x_wconf 88' lang='lat' dir='ltr'>ab</span> 
     </span>
     <span class='ocr_line' id='line_1_8' title="bbox 39 594 891 644; baseline -0.002 -11"><span class='ocrx_word' id='word_1_50' title='bbox 39 594 152 634; x_wconf 85' lang='lat' dir='ltr'>hoste</span> <span class='ocrx_word' id='word_1_51' title='bbox 181 599 366 644; x_wconf 85' lang='lat' dir='ltr'>perrupta</span> <span class='ocrx_word' id='word_1_52' title='bbox 395 598 496 642; x_wconf 81' lang='lat' dir='ltr'>erat,</span> <span class='ocrx_word' id='word_1_53' title='bbox 528 594 656 632; x_wconf 89' lang='lat' dir='ltr'>securi</span> <span class='ocrx_word' id='word_1_54' title='bbox 685 594 891 644; x_wconf 75' lang='lat' dir='ltr'>percussit.</span> 
     </span>
    </p>

    <p class='ocr_par' dir='ltr' id='par_1_5' title="bbox 41 647 1411 912">
     <span class='ocr_line' id='line_1_9' title="bbox 151 647 1409 700; baseline -0.001 -11"><span class='ocrx_word' id='word_1_55' title='bbox 151 649 218 689; x_wconf 84' lang='lat'>37.</span> <span class='ocrx_word' id='word_1_56' title='bbox 271 647 322 687; x_wconf 68' lang='grc' dir='ltr'>Μ.</span> <span class='ocrx_word' id='word_1_57' title='bbox 343 648 546 697; x_wconf 82' lang='lat' dir='ltr'>Antonius,</span> <span class='ocrx_word' id='word_1_58' title='bbox 573 660 658 688; x_wconf 91' lang='lat' dir='ltr'>cum</span> <span class='ocrx_word' id='word_1_59' title='bbox 678 661 801 700; x_wconf 81' lang='lat' dir='ltr'>agger</span> <span class='ocrx_word' id='word_1_60' title='bbox 819 648 867 688; x_wconf 91' lang='lat' dir='ltr'>ab</span> <span class='ocrx_word' id='word_1_61' title='bbox 888 647 1062 688; x_wconf 73' lang='lat' dir='ltr'>hostibus</span> <span class='ocrx_word' id='word_1_62' title='bbox 1082 649 1262 688; x_wconf 89' lang='lat' dir='ltr'>incensus</span> <span class='ocrx_word' id='word_1_63' title='bbox 1287 656 1409 697; x_wconf 86' lang='lat' dir='ltr'>esset,</span> 
     </span>
     <span class='ocr_line' id='line_1_10' title="bbox 41 704 1411 756; baseline -0.001 -11"><span class='ocrx_word' id='word_1_64' title='bbox 41 718 92 746; x_wconf 80' lang='lat' dir='ltr'>ex</span> <span class='ocrx_word' id='word_1_65' title='bbox 116 705 198 754; x_wconf 91' lang='lat' dir='ltr'>his,</span> <span class='ocrx_word' id='word_1_66' title='bbox 228 705 292 756; x_wconf 86' lang='lat' dir='ltr'>qui</span> <span class='ocrx_word' id='word_1_67' title='bbox 317 705 356 743; x_wconf 90' lang='lat' dir='ltr'>in</span> <span class='ocrx_word' id='word_1_68' title='bbox 385 716 509 756; x_wconf 89' lang='lat' dir='ltr'>opere</span> <span class='ocrx_word' id='word_1_69' title='bbox 529 705 700 755; x_wconf 83' lang='lat' dir='ltr'>fuerant,</span> <span class='ocrx_word' id='word_1_70' title='bbox 732 705 888 744; x_wconf 89' lang='lat' dir='ltr'>duarum</span> <span class='ocrx_word' id='word_1_71' title='bbox 916 704 1130 744; x_wconf 73' lang='lat' dir='ltr'>cohortium</span> <span class='ocrx_word' id='word_1_72' title='bbox 1155 705 1313 744; x_wconf 87' lang='lat' dir='ltr'>militem</span> <span class='ocrx_word' id='word_1_73' title='bbox 1343 705 1411 744; x_wconf 91' lang='lat' dir='ltr'>de·</span> 
     </span>
     <span class='ocr_line' id='line_1_11' title="bbox 43 760 1408 811; baseline 0 -11"><span class='ocrx_word' id='word_1_74' title='bbox 43 761 195 800; x_wconf 76' lang='lat' dir='ltr'>cimavit</span> <span class='ocrx_word' id='word_1_75' title='bbox 223 766 263 798; x_wconf 92' lang='lat' dir='ltr'>et</span> <span class='ocrx_word' id='word_1_76' title='bbox 288 760 326 798; x_wconf 92' lang='lat' dir='ltr'>in</span> <span class='ocrx_word' id='word_1_77' title='bbox 351 760 524 810; x_wconf 84' lang='lat' dir='ltr'>singulos</span> <span class='ocrx_word' id='word_1_78' title='bbox 554 772 605 799; x_wconf 83' lang='lat' dir='ltr'>ex</span> <span class='ocrx_word' id='word_1_79' title='bbox 633 761 692 799; x_wconf 87' lang='lat' dir='ltr'>his</span> <span class='ocrx_word' id='word_1_80' title='bbox 721 762 967 800; x_wconf 81' lang='lat' dir='ltr'>centuriones</span> <span class='ocrx_word' id='word_1_81' title='bbox 991 761 1275 808; x_wconf 86' lang='lat' dir='ltr'>animadvertit,</span> <span class='ocrx_word' id='word_1_82' title='bbox 1302 761 1408 811; x_wconf 89' lang='lat' dir='ltr'>lega-</span> 
     </span>
     <span class='ocr_line' id='line_1_12' title="bbox 42 815 1410 868; baseline 0 -12"><span class='ocrx_word' id='word_1_83' title='bbox 42 823 120 856; x_wconf 87' lang='lat' dir='ltr'>tum</span> <span class='ocrx_word' id='word_1_84' title='bbox 147 826 233 854; x_wconf 88' lang='lat' dir='ltr'>cum</span> <span class='ocrx_word' id='word_1_85' title='bbox 261 817 467 866; x_wconf 81' lang='lat' dir='ltr'>ignominia</span> <span class='ocrx_word' id='word_1_86' title='bbox 494 816 655 865; x_wconf 82' lang='lat' dir='ltr'>dimisit,</span> <span class='ocrx_word' id='word_1_87' title='bbox 684 815 845 868; x_wconf 90' lang='lat' dir='ltr'>reliquis</span> <span class='ocrx_word' id='word_1_88' title='bbox 867 828 917 855; x_wconf 83' lang='lat' dir='ltr'>ex</span> <span class='ocrx_word' id='word_1_89' title='bbox 938 817 1096 867; x_wconf 83' lang='lat' dir='ltr'>legione</span> <span class='ocrx_word' id='word_1_90' title='bbox 1116 817 1308 856; x_wconf 83' lang='lat' dir='ltr'>hordeum</span> <span class='ocrx_word' id='word_1_91' title='bbox 1329 818 1410 856; x_wconf 88' lang='lat' dir='ltr'>dari</span> 
     </span>
     <span class='ocr_line' id='line_1_13' title="bbox 42 873 165 912; baseline -0.016 0"><span class='ocrx_word' id='word_1_92' title='bbox 42 873 165 912; x_wconf 87' lang='lat' dir='ltr'>iussit.</span> 
     </span>
    </p>

    <p class='ocr_par' dir='ltr' id='par_1_6' title="bbox 42 925 1425 1147">
     <span class='ocr_line' id='line_1_14' title="bbox 154 925 1412 978; baseline -0.002 -10"><span class='ocrx_word' id='word_1_93' title='bbox 154 926 222 968; x_wconf 88' lang='lat'>38.</span> <span class='ocrx_word' id='word_1_94' title='bbox 276 925 319 965; x_wconf 90' lang='lat' dir='ltr'>In</span> <span class='ocrx_word' id='word_1_95' title='bbox 353 927 571 977; x_wconf 82' lang='lat' dir='ltr'>legionem,</span> <span class='ocrx_word' id='word_1_96' title='bbox 601 937 699 977; x_wconf 89' lang='lat' dir='ltr'>qnae</span> <span class='ocrx_word' id='word_1_97' title='bbox 729 925 917 976; x_wconf 82' lang='lat' dir='ltr'>Rhegium</span> <span class='ocrx_word' id='word_1_98' title='bbox 946 927 1127 978; x_wconf 86' lang='lat' dir='ltr'>oppidum</span> <span class='ocrx_word' id='word_1_99' title='bbox 1164 928 1268 966; x_wconf 90' lang='lat' dir='ltr'>iussu</span> <span class='ocrx_word' id='word_1_100' title='bbox 1302 927 1412 967; x_wconf 87' lang='lat' dir='ltr'>ducis</span> 
     </span>
     <span class='ocr_line' id='line_1_15' title="bbox 42 982 1411 1035; baseline -0.001 -11"><span class='ocrx_word' id='word_1_101' title='bbox 42 984 270 1035; x_wconf 75' lang='lat' dir='ltr'>diripuerat,</span> <span class='ocrx_word' id='word_1_102' title='bbox 305 982 606 1021; x_wconf 85' lang='lat' dir='ltr'>animadversum</span> <span class='ocrx_word' id='word_1_103' title='bbox 645 987 705 1020; x_wconf 90' lang='lat' dir='ltr'>est</span> <span class='ocrx_word' id='word_1_104' title='bbox 744 982 815 1031; x_wconf 88' lang='lat' dir='ltr'>ita,</span> <span class='ocrx_word' id='word_1_105' title='bbox 853 988 894 1021; x_wconf 89' lang='lat' dir='ltr'>ut</span> <span class='ocrx_word' id='word_1_106' title='bbox 929 988 1109 1033; x_wconf 85' lang='lat' dir='ltr'>quattuor</span> <span class='ocrx_word' id='word_1_107' title='bbox 1142 983 1245 1022; x_wconf 86' lang='lat' dir='ltr'>milia</span> <span class='ocrx_word' id='word_1_108' title='bbox 1272 983 1411 1022; x_wconf 84' lang='lat' dir='ltr'>tradita</span> 
     </span>
     <span class='ocr_line' id='line_1_16' title="bbox 44 1038 1425 1086; baseline -0.001 -7"><span class='ocrx_word' id='word_1_109' title='bbox 44 1039 245 1080; x_wconf 76' lang='lat' dir='ltr'>custodiae</span> <span class='ocrx_word' id='word_1_110' title='bbox 261 1044 503 1077; x_wconf 84' lang='lat' dir='ltr'>necarentur.</span> <span class='ocrx_word' id='word_1_111' title='bbox 563 1038 770 1077; x_wconf 88' lang='lat' dir='ltr'>Praeterea</span> <span class='ocrx_word' id='word_1_112' title='bbox 795 1043 951 1076; x_wconf 85' lang='lat' dir='ltr'>senatus</span> <span class='ocrx_word' id='word_1_113' title='bbox 974 1038 1151 1077; x_wconf 87' lang='lat' dir='ltr'>consulto</span> <span class='ocrx_word' id='word_1_114' title='bbox 1170 1045 1320 1077; x_wconf 87' lang='lat' dir='ltr'>cautum</span> <span class='ocrx_word' id='word_1_115' title='bbox 1338 1045 1425 1086; x_wconf 37' lang='lat' dir='ltr'>est?</span> 
     </span>
     <span class='ocr_line' id='line_1_17' title="bbox 42 1093 1080 1147; baseline -0.004 -12"><span class='ocrx_word' id='word_1_116' title='bbox 42 1108 93 1135; x_wconf 87' lang='lat' dir='ltr'>ne</span> <span class='ocrx_word' id='word_1_117' title='bbox 120 1106 233 1147; x_wconf 87' lang='lat' dir='ltr'>quem</span> <span class='ocrx_word' id='word_1_118' title='bbox 261 1106 312 1132; x_wconf 86' lang='lat' dir='ltr'>ex</span> <span class='ocrx_word' id='word_1_119' title='bbox 339 1095 397 1132; x_wconf 89' lang='lat' dir='ltr'>eis</span> <span class='ocrx_word' id='word_1_120' title='bbox 422 1094 591 1145; x_wconf 87' lang='lat' dir='ltr'>sepelire</span> <span class='ocrx_word' id='word_1_121' title='bbox 615 1094 680 1132; x_wconf 82' lang='lat' dir='ltr'>vel</span> <span class='ocrx_word' id='word_1_122' title='bbox 705 1094 842 1144; x_wconf 90' lang='lat' dir='ltr'>lugere</span> <span class='ocrx_word' id='word_1_123' title='bbox 872 1093 931 1133; x_wconf 82' lang='lat' dir='ltr'>fas</span> <span class='ocrx_word' id='word_1_124' title='bbox 961 1100 1080 1132; x_wconf 88' lang='lat' dir='ltr'>esset.</span> 
     </span>
    </p>

    <p class='ocr_par' dir='ltr' id='par_1_7' title="bbox 44 1145 1413 1592">
     <span class='ocr_line' id='line_1_18' title="bbox 154 1145 1412 1201; baseline -0.002 -10"><span class='ocrx_word' id='word_1_125' title='bbox 154 1150 220 1191; x_wconf 85' lang='lat'>39.</span> <span class='ocrx_word' id='word_1_126' title='bbox 278 1145 320 1188; x_wconf 81' lang='lat' dir='ltr'>L.</span> <span class='ocrx_word' id='word_1_127' title='bbox 352 1149 525 1201; x_wconf 84' lang='lat' dir='ltr'>Papirius</span> <span class='ocrx_word' id='word_1_128' title='bbox 557 1148 703 1188; x_wconf 86' lang='lat' dir='ltr'>Cursor</span> <span class='ocrx_word' id='word_1_129' title='bbox 738 1150 902 1188; x_wconf 90' lang='lat' dir='ltr'>dictator</span> <span class='ocrx_word' id='word_1_130' title='bbox 929 1149 1086 1189; x_wconf 87' lang='lat' dir='ltr'>Fabium</span> <span class='ocrx_word' id='word_1_131' title='bbox 1115 1149 1267 1188; x_wconf 85' lang='lat' dir='ltr'>Rullum</span> <span class='ocrx_word' id='word_1_132' title='bbox 1294 1152 1412 1200; x_wconf 85' lang='lat' dir='ltr'>magi-</span> 
     </span>
     <span class='ocr_line' id='line_1_19' title="bbox 45 1206 1413 1258; baseline -0.001 -12"><span class='ocrx_word' id='word_1_133' title='bbox 45 1213 162 1246; x_wconf 87' lang='lat' dir='ltr'>strum</span> <span class='ocrx_word' id='word_1_134' title='bbox 185 1207 372 1258; x_wconf 84' lang='lat' dir='ltr'>equitum,</span> <span class='ocrx_word' id='word_1_135' title='bbox 401 1206 504 1257; x_wconf 83' lang='lat' dir='ltr'>quod</span> <span class='ocrx_word' id='word_1_136' title='bbox 531 1206 716 1245; x_wconf 88' lang='lat' dir='ltr'>adversus</span> <span class='ocrx_word' id='word_1_137' title='bbox 743 1206 883 1245; x_wconf 89' lang='lat' dir='ltr'>dictum</span> <span class='ocrx_word' id='word_1_138' title='bbox 911 1206 992 1244; x_wconf 89' lang='lat' dir='ltr'>eius</span> <span class='ocrx_word' id='word_1_139' title='bbox 1022 1207 1193 1257; x_wconf 84' lang='lat' dir='ltr'>quamvis</span> <span class='ocrx_word' id='word_1_140' title='bbox 1222 1217 1413 1257; x_wconf 86' lang='lat' dir='ltr'>prospere</span> 
     </span>
     <span class='ocr_line' id='line_1_20' title="bbox 46 1261 1412 1315; baseline -0.001 -13"><span class='ocrx_word' id='word_1_141' title='bbox 46 1267 302 1315; x_wconf 78' lang='lat' dir='ltr'>pugnaverat,</span> <span class='ocrx_word' id='word_1_142' title='bbox 333 1262 454 1312; x_wconf 84' lang='lat' dir='ltr'>virgis</span> <span class='ocrx_word' id='word_1_143' title='bbox 479 1262 660 1313; x_wconf 86' lang='lat' dir='ltr'>poposcit</span> <span class='ocrx_word' id='word_1_144' title='bbox 691 1261 947 1310; x_wconf 88' lang='lat' dir='ltr'>caedendum,</span> <span class='ocrx_word' id='word_1_145' title='bbox 982 1273 1138 1300; x_wconf 89' lang='lat' dir='ltr'>caesum</span> <span class='ocrx_word' id='word_1_146' title='bbox 1168 1262 1295 1300; x_wconf 87' lang='lat' dir='ltr'>securi</span> <span class='ocrx_word' id='word_1_147' title='bbox 1325 1274 1412 1312; x_wconf 90' lang='lat' dir='ltr'>per-</span> 
     </span>
     <span class='ocr_line' id='line_1_21' title="bbox 46 1317 1413 1369; baseline -0.001 -12"><span class='ocrx_word' id='word_1_148' title='bbox 46 1331 246 1363; x_wconf 85' lang='lat' dir='ltr'>cussurus;</span> <span class='ocrx_word' id='word_1_149' title='bbox 275 1330 348 1357; x_wconf 91' lang='lat' dir='ltr'>nec</span> <span class='ocrx_word' id='word_1_150' title='bbox 373 1319 609 1356; x_wconf 90' lang='lat' dir='ltr'>contentioni</span> <span class='ocrx_word' id='word_1_151' title='bbox 632 1324 694 1356; x_wconf 90' lang='lat' dir='ltr'>aut</span> <span class='ocrx_word' id='word_1_152' title='bbox 718 1317 899 1369; x_wconf 87' lang='lat' dir='ltr'>precibus</span> <span class='ocrx_word' id='word_1_153' title='bbox 915 1317 1070 1356; x_wconf 84' lang='lat' dir='ltr'>militurn</span> <span class='ocrx_word' id='word_1_154' title='bbox 1088 1319 1282 1356; x_wconf 88' lang='lat' dir='ltr'>concessit</span> <span class='ocrx_word' id='word_1_155' title='bbox 1297 1319 1413 1356; x_wconf 85' lang='lat' dir='ltr'>anim-</span> 
     </span>
     <span class='ocr_line' id='line_1_22' title="bbox 45 1372 1411 1426; baseline -0.001 -13"><span class='ocrx_word' id='word_1_156' title='bbox 45 1375 310 1414; x_wconf 83' lang='lat' dir='ltr'>adversionem</span> <span class='ocrx_word' id='word_1_157' title='bbox 349 1385 514 1425; x_wconf 89' lang='lat' dir='ltr'>eumque</span> <span class='ocrx_word' id='word_1_158' title='bbox 559 1374 841 1426; x_wconf 81' lang='lat' dir='ltr'>profugientem</span> <span class='ocrx_word' id='word_1_159' title='bbox 873 1372 1031 1412; x_wconf 84' lang='lat' dir='ltr'>Romam</span> <span class='ocrx_word' id='word_1_160' title='bbox 1071 1380 1301 1424; x_wconf 87' lang='lat' dir='ltr'>persecutus</span> <span class='ocrx_word' id='word_1_161' title='bbox 1338 1380 1411 1421; x_wconf 86' lang='lat' dir='ltr'>est,</span> 
     </span>
     <span class='ocr_line' id='line_1_23' title="bbox 44 1429 1413 1481; baseline 0 -13"><span class='ocrx_word' id='word_1_162' title='bbox 44 1443 92 1469; x_wconf 91' lang='lat' dir='ltr'>ne</span> <span class='ocrx_word' id='word_1_163' title='bbox 121 1430 174 1468; x_wconf 88' lang='lat' dir='ltr'>ibi</span> <span class='ocrx_word' id='word_1_164' title='bbox 202 1430 353 1481; x_wconf 90' lang='lat' dir='ltr'>quidem</span> <span class='ocrx_word' id='word_1_165' title='bbox 382 1432 544 1468; x_wconf 89' lang='lat' dir='ltr'>remisso</span> <span class='ocrx_word' id='word_1_166' title='bbox 576 1430 680 1481; x_wconf 90' lang='lat' dir='ltr'>prius</span> <span class='ocrx_word' id='word_1_167' title='bbox 709 1429 888 1480; x_wconf 88' lang='lat' dir='ltr'>supplicii</span> <span class='ocrx_word' id='word_1_168' title='bbox 915 1430 1041 1467; x_wconf 90' lang='lat' dir='ltr'>meriti</span> <span class='ocrx_word' id='word_1_169' title='bbox 1073 1435 1196 1477; x_wconf 88' lang='lat' dir='ltr'>metu,</span> <span class='ocrx_word' id='word_1_170' title='bbox 1227 1442 1339 1480; x_wconf 85' lang='lat' dir='ltr'>quam</span> <span class='ocrx_word' id='word_1_171' title='bbox 1365 1429 1413 1468; x_wconf 82' lang='lat' dir='ltr'>ad</span> 
     </span>
     <span class='ocr_line' id='line_1_24' title="bbox 44 1485 1409 1536; baseline 0 -12"><span class='ocrx_word' id='word_1_172' title='bbox 44 1498 170 1536; x_wconf 89' lang='lat' dir='ltr'>genua</span> <span class='ocrx_word' id='word_1_173' title='bbox 200 1487 282 1524; x_wconf 87' lang='lat' dir='ltr'>eius</span> <span class='ocrx_word' id='word_1_174' title='bbox 308 1491 346 1524; x_wconf 87' lang='lat' dir='ltr'>et</span> <span class='ocrx_word' id='word_1_175' title='bbox 374 1485 516 1524; x_wconf 89' lang='lat' dir='ltr'>Fabius</span> <span class='ocrx_word' id='word_1_176' title='bbox 541 1497 625 1524; x_wconf 91' lang='lat' dir='ltr'>cum</span> <span class='ocrx_word' id='word_1_177' title='bbox 654 1493 763 1536; x_wconf 90' lang='lat' dir='ltr'>patre</span> <span class='ocrx_word' id='word_1_178' title='bbox 790 1485 1086 1536; x_wconf 85' lang='lat' dir='ltr'>provolveretur</span> <span class='ocrx_word' id='word_1_179' title='bbox 1111 1491 1149 1523; x_wconf 87' lang='lat' dir='ltr'>et</span> <span class='ocrx_word' id='word_1_180' title='bbox 1179 1486 1322 1536; x_wconf 85' lang='lat' dir='ltr'>pariter</span> <span class='ocrx_word' id='word_1_181' title='bbox 1350 1497 1409 1524; x_wconf 90' lang='lat' dir='ltr'>se-</span> 
     </span>
     <span class='ocr_line' id='line_1_25' title="bbox 44 1541 863 1592; baseline 0.001 -12"><span class='ocrx_word' id='word_1_182' title='bbox 44 1548 154 1592; x_wconf 82' lang='lat' dir='ltr'>natus</span> <span class='ocrx_word' id='word_1_183' title='bbox 184 1553 231 1580; x_wconf 89' lang='lat' dir='ltr'>ac</span> <span class='ocrx_word' id='word_1_184' title='bbox 257 1541 423 1592; x_wconf 88' lang='lat' dir='ltr'>populus</span> <span class='ocrx_word' id='word_1_185' title='bbox 451 1541 642 1580; x_wconf 88' lang='lat' dir='ltr'>Romanus</span> <span class='ocrx_word' id='word_1_186' title='bbox 668 1547 863 1591; x_wconf 85' lang='lat' dir='ltr'>rogarent.</span> 
     </span>
    </p>

    <p class='ocr_par' dir='ltr' id='par_1_8' title="bbox 46 1596 1414 1813">
     <span class='ocr_line' id='line_1_26' title="bbox 156 1596 1411 1647; baseline -0.001 -12"><span class='ocrx_word' id='word_1_187' title='bbox 156 1597 223 1636; x_wconf 82' lang='lat'>40.</span> <span class='ocrx_word' id='word_1_188' title='bbox 266 1596 451 1646; x_wconf 79' lang='lat' dir='ltr'>Manlius,</span> <span class='ocrx_word' id='word_1_189' title='bbox 477 1598 537 1635; x_wconf 90' lang='lat' dir='ltr'>cui</span> <span class='ocrx_word' id='word_1_190' title='bbox 554 1597 767 1647; x_wconf 85' lang='lat' dir='ltr'>Imperioso</span> <span class='ocrx_word' id='word_1_191' title='bbox 784 1602 922 1646; x_wconf 86' lang='lat' dir='ltr'>postea</span> <span class='ocrx_word' id='word_1_192' title='bbox 938 1606 1153 1644; x_wconf 85' lang='lat' dir='ltr'>cognomen</span> <span class='ocrx_word' id='word_1_193' title='bbox 1174 1597 1256 1644; x_wconf 81' lang='lat' dir='ltr'>fuit,</span> <span class='ocrx_word' id='word_1_194' title='bbox 1282 1597 1411 1644; x_wconf 85' lang='lat' dir='ltr'>lilium,</span> 
     </span>
     <span class='ocr_line' id='line_1_27' title="bbox 46 1650 1413 1703; baseline 0.001 -14"><span class='ocrx_word' id='word_1_195' title='bbox 46 1650 148 1702; x_wconf 87' lang='lat' dir='ltr'>quod</span> <span class='ocrx_word' id='word_1_196' title='bbox 175 1651 207 1689; x_wconf 87' lang='lat' dir='ltr'>is</span> <span class='ocrx_word' id='word_1_197' title='bbox 233 1658 366 1690; x_wconf 89' lang='lat' dir='ltr'>contra</span> <span class='ocrx_word' id='word_1_198' title='bbox 395 1652 559 1690; x_wconf 90' lang='lat' dir='ltr'>edictum</span> <span class='ocrx_word' id='word_1_199' title='bbox 589 1653 710 1703; x_wconf 89' lang='lat' dir='ltr'>patris</span> <span class='ocrx_word' id='word_1_200' title='bbox 740 1662 823 1689; x_wconf 91' lang='lat' dir='ltr'>cum</span> <span class='ocrx_word' id='word_1_201' title='bbox 852 1651 963 1689; x_wconf 85' lang='lat' dir='ltr'>hoste</span> <span class='ocrx_word' id='word_1_202' title='bbox 991 1658 1252 1701; x_wconf 83' lang='lat' dir='ltr'>pugnaverat,</span> <span class='ocrx_word' id='word_1_203' title='bbox 1284 1663 1413 1702; x_wconf 87' lang='lat' dir='ltr'>quam-</span> 
     </span>
     <span class='ocr_line' id='line_1_28' title="bbox 46 1707 1414 1758; baseline 0.001 -14"><span class='ocrx_word' id='word_1_204' title='bbox 46 1707 105 1744; x_wconf 87' lang='lat' dir='ltr'>vis</span> <span class='ocrx_word' id='word_1_205' title='bbox 145 1708 332 1744; x_wconf 79' lang='lat' dir='ltr'>victorem</span> <span class='ocrx_word' id='word_1_206' title='bbox 374 1707 412 1744; x_wconf 92' lang='lat' dir='ltr'>in</span> <span class='ocrx_word' id='word_1_207' title='bbox 451 1713 662 1758; x_wconf 88' lang='lat' dir='ltr'>conspectu</span> <span class='ocrx_word' id='word_1_208' title='bbox 701 1707 895 1745; x_wconf 84' lang='lat' dir='ltr'>exercitus</span> <span class='ocrx_word' id='word_1_209' title='bbox 931 1707 1051 1756; x_wconf 86' lang='lat' dir='ltr'>virgis</span> <span class='ocrx_word' id='word_1_210' title='bbox 1090 1718 1244 1745; x_wconf 87' lang='lat' dir='ltr'>caesum</span> <span class='ocrx_word' id='word_1_211' title='bbox 1286 1708 1414 1747; x_wconf 88' lang='lat' dir='ltr'>securi</span> 
     </span>
     <span class='ocr_line' id='line_1_29' title="bbox 47 1762 251 1813; baseline 0.005 -13"><span class='ocrx_word' id='word_1_212' title='bbox 47 1762 251 1813; x_wconf 87' lang='lat' dir='ltr'>percussit.</span> 
     </span>
    </p>

    <p class='ocr_par' dir='ltr' id='par_1_9' title="bbox 48 1815 1415 2036">
     <span class='ocr_line' id='line_1_30' title="bbox 156 1815 1414 1870; baseline 0.001 -14"><span class='ocrx_word' id='word_1_213' title='bbox 156 1817 224 1856; x_wconf 79' lang='lat'>41.</span> <span class='ocrx_word' id='word_1_214' title='bbox 282 1815 444 1855; x_wconf 77' lang='lat' dir='ltr'>Manlius</span> <span class='ocrx_word' id='word_1_215' title='bbox 478 1817 603 1866; x_wconf 85' lang='lat' dir='ltr'>filius,</span> <span class='ocrx_word' id='word_1_216' title='bbox 642 1819 813 1857; x_wconf 86' lang='lat' dir='ltr'>exercitu</span> <span class='ocrx_word' id='word_1_217' title='bbox 848 1829 921 1869; x_wconf 92' lang='lat' dir='ltr'>pro</span> <span class='ocrx_word' id='word_1_218' title='bbox 955 1830 998 1856; x_wconf 90' lang='lat' dir='ltr'>se</span> <span class='ocrx_word' id='word_1_219' title='bbox 1037 1817 1223 1857; x_wconf 84' lang='lat' dir='ltr'>adversus</span> <span class='ocrx_word' id='word_1_220' title='bbox 1268 1825 1414 1870; x_wconf 85' lang='lat' dir='ltr'>patrem</span> 
     </span>
     <span class='ocr_line' id='line_1_31' title="bbox 48 1872 1415 1926; baseline 0.001 -15"><span class='ocrx_word' id='word_1_221' title='bbox 48 1872 274 1911; x_wconf 87' lang='lat' dir='ltr'>seditionem</span> <span class='ocrx_word' id='word_1_222' title='bbox 299 1879 477 1923; x_wconf 86' lang='lat' dir='ltr'>parante,</span> <span class='ocrx_word' id='word_1_223' title='bbox 502 1875 657 1923; x_wconf 83' lang='lat' dir='ltr'>negavit</span> <span class='ocrx_word' id='word_1_224' title='bbox 682 1875 774 1913; x_wconf 83' lang='lat' dir='ltr'>tanti</span> <span class='ocrx_word' id='word_1_225' title='bbox 794 1886 883 1912; x_wconf 88' lang='lat' dir='ltr'>esse</span> <span class='ocrx_word' id='word_1_226' title='bbox 910 1885 1159 1925; x_wconf 87' lang='lat' dir='ltr'>quemquam,</span> <span class='ocrx_word' id='word_1_227' title='bbox 1193 1881 1230 1913; x_wconf 90' lang='lat' dir='ltr'>ut</span> <span class='ocrx_word' id='word_1_228' title='bbox 1257 1882 1415 1926; x_wconf 87' lang='lat' dir='ltr'>propter</span> 
     </span>
     <span class='ocr_line' id='line_1_32' title="bbox 48 1928 1413 1982; baseline 0.001 -14"><span class='ocrx_word' id='word_1_229' title='bbox 48 1928 151 1968; x_wconf 90' lang='lat' dir='ltr'>illum</span> <span class='ocrx_word' id='word_1_230' title='bbox 183 1928 382 1979; x_wconf 86' lang='lat' dir='ltr'>disciplina</span> <span class='ocrx_word' id='word_1_231' title='bbox 411 1936 745 1981; x_wconf 88' lang='lat' dir='ltr'>corrumperetur,</span> <span class='ocrx_word' id='word_1_232' title='bbox 788 1936 826 1968; x_wconf 90' lang='lat' dir='ltr'>et</span> <span class='ocrx_word' id='word_1_233' title='bbox 853 1929 1038 1978; x_wconf 88' lang='lat' dir='ltr'>obtinuit,</span> <span class='ocrx_word' id='word_1_234' title='bbox 1067 1936 1108 1968; x_wconf 92' lang='lat' dir='ltr'>ut</span> <span class='ocrx_word' id='word_1_235' title='bbox 1135 1931 1260 1982; x_wconf 90' lang='lat' dir='ltr'>ipsum</span> <span class='ocrx_word' id='word_1_236' title='bbox 1287 1933 1413 1982; x_wconf 86' lang='lat' dir='ltr'>puniri</span> 
     </span>
     <span class='ocr_line' id='line_1_33' title="bbox 50 1990 283 2036; baseline -0.009 -12"><span class='ocrx_word' id='word_1_237' title='bbox 50 1990 283 2036; x_wconf 86' lang='lat' dir='ltr'>paterentur.</span> 
     </span>
    </p>

    <p class='ocr_par' dir='ltr' id='par_1_10' title="bbox 158 2039 1413 2093">
     <span class='ocr_line' id='line_1_34' title="bbox 158 2039 1413 2093; baseline -0.002 -14"><span class='ocrx_word' id='word_1_238' title='bbox 158 2040 226 2079; x_wconf 83' lang='lat'>42.</span> <span class='ocrx_word' id='word_1_239' title='bbox 278 2040 325 2087; x_wconf 80' lang='lat' dir='ltr'>Q.</span> <span class='ocrx_word' id='word_1_240' title='bbox 350 2039 492 2078; x_wconf 87' lang='lat' dir='ltr'>Fabius</span> <span class='ocrx_word' id='word_1_241' title='bbox 510 2039 695 2079; x_wconf 77' lang='lat' dir='ltr'>Maximus</span> <span class='ocrx_word' id='word_1_242' title='bbox 715 2041 993 2092; x_wconf 78' lang='lat' dir='ltr'>transfugarum</span> <span class='ocrx_word' id='word_1_243' title='bbox 1009 2041 1191 2080; x_wconf 85' lang='lat' dir='ltr'>dexteras</span> <span class='ocrx_word' id='word_1_244' title='bbox 1214 2042 1413 2093; x_wconf 81' lang='lat' dir='ltr'>praecidit.</span> 
     </span>
    </p>

    <p class='ocr_par' dir='ltr' id='par_1_11' title="bbox 52 2094 1417 2376">
     <span class='ocr_line' id='line_1_35' title="bbox 159 2094 1414 2146; baseline -0.002 -11"><span class='ocrx_word' id='word_1_245' title='bbox 159 2096 226 2136; x_wconf 84' lang='lat'>43.</span> <span class='ocrx_word' id='word_1_246' title='bbox 287 2094 330 2134; x_wconf 88' lang='lat' dir='ltr'>C.</span> <span class='ocrx_word' id='word_1_247' title='bbox 350 2094 467 2134; x_wconf 91' lang='lat' dir='ltr'>Curio</span> <span class='ocrx_word' id='word_1_248' title='bbox 483 2096 618 2135; x_wconf 86' lang='lat' dir='ltr'>consul</span> <span class='ocrx_word' id='word_1_249' title='bbox 634 2096 741 2136; x_wconf 92' lang='lat' dir='ltr'>bello</span> <span class='ocrx_word' id='word_1_250' title='bbox 762 2097 980 2136; x_wconf 87' lang='lat' dir='ltr'>Dardanico</span> <span class='ocrx_word' id='word_1_251' title='bbox 1001 2098 1103 2136; x_wconf 87' lang='lat' dir='ltr'>circa</span> <span class='ocrx_word' id='word_1_252' title='bbox 1122 2096 1414 2146; x_wconf 79' lang='lat' dir='ltr'>Dyrrhachium,</span> 
     </span>
     <span class='ocr_line' id='line_1_36' title="bbox 52 2151 1415 2202; baseline 0 -13"><span class='ocrx_word' id='word_1_253' title='bbox 52 2162 135 2189; x_wconf 88' lang='lat' dir='ltr'>cum</span> <span class='ocrx_word' id='word_1_254' title='bbox 166 2164 216 2190; x_wconf 85' lang='lat' dir='ltr'>ex</span> <span class='ocrx_word' id='word_1_255' title='bbox 251 2152 420 2202; x_wconf 89' lang='lat' dir='ltr'>quinque</span> <span class='ocrx_word' id='word_1_256' title='bbox 449 2151 668 2201; x_wconf 84' lang='lat' dir='ltr'>legionibus</span> <span class='ocrx_word' id='word_1_257' title='bbox 701 2165 774 2192; x_wconf 85' lang='lat' dir='ltr'>uua</span> <span class='ocrx_word' id='word_1_258' title='bbox 798 2153 988 2192; x_wconf 88' lang='lat' dir='ltr'>seditione</span> <span class='ocrx_word' id='word_1_259' title='bbox 1021 2153 1123 2192; x_wconf 85' lang='lat' dir='ltr'>facta</span> <span class='ocrx_word' id='word_1_260' title='bbox 1151 2153 1319 2191; x_wconf 84' lang='lat' dir='ltr'>militiam</span> <span class='ocrx_word' id='word_1_261' title='bbox 1349 2151 1415 2190; x_wconf 89' lang='lat' dir='ltr'>de·</span> 
     </span>
     <span class='ocr_line' id='line_1_37' title="bbox 53 2208 1415 2259; baseline -0.001 -15"><span class='ocrx_word' id='word_1_262' title='bbox 53 2212 254 2246; x_wconf 84' lang='lat' dir='ltr'>tractasset</span> <span class='ocrx_word' id='word_1_263' title='bbox 271 2214 566 2258; x_wconf 73' lang='lat' dir='ltr'>secuturumque</span> <span class='ocrx_word' id='word_1_264' title='bbox 589 2219 632 2246; x_wconf 87' lang='lat' dir='ltr'>se</span> <span class='ocrx_word' id='word_1_265' title='bbox 658 2210 911 2248; x_wconf 84' lang='lat' dir='ltr'>temeritatem</span> <span class='ocrx_word' id='word_1_266' title='bbox 934 2209 1043 2248; x_wconf 90' lang='lat' dir='ltr'>ducis</span> <span class='ocrx_word' id='word_1_267' title='bbox 1066 2209 1102 2246; x_wconf 89' lang='lat' dir='ltr'>iu</span> <span class='ocrx_word' id='word_1_268' title='bbox 1129 2208 1415 2259; x_wconf 85' lang='lat' dir='ltr'>expeditionem</span> 
     </span>
     <span class='ocr_line' id='line_1_38' title="bbox 52 2262 1417 2315; baseline 0.001 -17"><span class='ocrx_word' id='word_1_269' title='bbox 52 2272 227 2312; x_wconf 84' lang='lat' dir='ltr'>asperam</span> <span class='ocrx_word' id='word_1_270' title='bbox 263 2269 302 2301; x_wconf 90' lang='lat' dir='ltr'>et</span> <span class='ocrx_word' id='word_1_271' title='bbox 344 2263 562 2302; x_wconf 88' lang='lat' dir='ltr'>insidiosam</span> <span class='ocrx_word' id='word_1_272' title='bbox 602 2270 807 2314; x_wconf 84' lang='lat' dir='ltr'>negasset,</span> <span class='ocrx_word' id='word_1_273' title='bbox 851 2270 1031 2315; x_wconf 89' lang='lat' dir='ltr'>quattuor</span> <span class='ocrx_word' id='word_1_274' title='bbox 1068 2264 1244 2314; x_wconf 86' lang='lat' dir='ltr'>legiones</span> <span class='ocrx_word' id='word_1_275' title='bbox 1285 2262 1417 2300; x_wconf 83' lang='lat' dir='ltr'>eduxit</span> 
     </span>
     <span class='ocr_line' id='line_1_39' title="bbox 53 2318 1413 2376; baseline 0.001 -22"><span class='ocrx_word' id='word_1_276' title='bbox 53 2322 215 2356; x_wconf 84' lang='lat' dir='ltr'>armatas</span> <span class='ocrx_word' id='word_1_277' title='bbox 243 2325 282 2358; x_wconf 90' lang='lat' dir='ltr'>et</span> <span class='ocrx_word' id='word_1_278' title='bbox 310 2320 524 2358; x_wconf 88' lang='lat' dir='ltr'>consistere</span> <span class='ocrx_word' id='word_1_279' title='bbox 545 2318 762 2370; x_wconf 87' lang='lat' dir='ltr'>ordinibus,</span> <span class='ocrx_word' id='word_1_280' title='bbox 792 2320 956 2359; x_wconf 86' lang='lat' dir='ltr'>detectis</span> <span class='ocrx_word' id='word_1_281' title='bbox 981 2320 1095 2358; x_wconf 89' lang='lat' dir='ltr'>armis</span> <span class='ocrx_word' id='word_1_282' title='bbox 1118 2318 1223 2376; x_wconf 64' lang='lat' dir='ltr'>velut</span> <span class='ocrx_word' id='word_1_283' title='bbox 1253 2319 1289 2356; x_wconf 89' lang='lat' dir='ltr'>in</span> <span class='ocrx_word' id='word_1_284' title='bbox 1315 2318 1413 2366; x_wconf 86' lang='lat' dir='ltr'>acie,</span> 
     </span>
    </p>
   </div>
   <div class='ocr_carea' id='block_1_3' title="bbox 1145 2384 1198 2422">
    <p class='ocr_par' dir='ltr' id='par_1_12' title="bbox 1145 2384 1198 2422">
     <span class='ocr_line' id='line_1_40' title="bbox 1145 2384 1198 2422; baseline 0 -17"><span class='ocrx_word' id='word_1_285' title='bbox 1145 2384 1198 2422; x_wconf 66' lang='lat'>6*</span> 
     </span>
    </p>
   </div>
  </div>
 </body>
</html>
