1566 2496
174 103 252 144 100
596 115 697 146 sax.
725 115 842 147 IULII
873 117 1098 149 monum

169 223 230 256 est
255 217 302 256 ad
335 224 484 269 portam
506 218 781 269 Trigeminam,
813 232 994 272 passuum
1018 231 1068 261 XI
1095 221 1236 261 milium
1258 230 1366 269 cxc;
1397 224 1546 265 subter-

167 285 288 312 raneo
318 276 400 313 rivo
421 287 600 326 passuum
628 285 677 313 XI
708 276 849 315 milium
867 286 1010 321 cxxx;
1043 290 1160 330 supra
1183 285 1325 318 terram
1351 280 1546 321 substruc-

169 331 275 369 tione
313 337 351 369 et
390 338 548 370 arcuato
580 343 702 382 opere
741 334 916 383 proxime
954 340 1103 385 portam
1139 333 1333 387 Capenam
1365 349 1547 388 passuum

167 396 242 425 LX.
303 386 473 437 Iungitur
505 389 540 426 ei
570 388 617 426 ad
639 389 756 439 Spem
771 389 955 428 Veterem
976 392 1013 428 in
1035 391 1201 430 confinio
1227 391 1426 432 hortorum
1449 393 1545 432 Tor·

167 445 433 495 quatianorum
466 450 504 483 et
537 443 820 484 Plautianorum
854 458 979 487 ramus
1016 446 1237 499 Augustae,
1278 449 1326 488 ab
1366 449 1544 500 Augusto

165 501 204 539 in
234 500 543 552 supplementum
580 501 661 539 eius
693 501 862 552 additus,
902 504 1080 554 imposito
1119 507 1348 555 cognomine
1382 518 1544 558 respon·

165 556 271 595 denti
301 556 571 596 Gemellarum.
632 556 702 596 Hic
728 559 789 597 via
819 558 1065 598 Praenestina
1096 559 1143 598 ad
1172 561 1370 600 miliarium
1398 572 1459 612 VI,
1489 563 1543 602 di-

164 613 355 652 verticulo
392 614 635 651 sinistrorsus
677 626 857 665 passuum
895 623 1193 666 DCCCCLXXX,
1229 619 1406 668 proxime
1443 620 1543 658 viam

165 667 370 708 Collatiam
414 670 557 720 accipit
592 669 757 714 fontem;
800 671 907 709 cuius
945 671 1079 711 ductus
1117 685 1240 724 usque
1269 675 1317 713 ad
1346 673 1543 714 Gemellas

163 725 286 764 efficit
317 726 400 764 rivo
439 725 692 764 subterraneo
724 739 861 777 passus
891 732 944 766 'VI
978 728 1079 766 milia
1120 737 1347 768 CCCLXXX.
1404 730 1542 782 Incipit

163 781 339 821 distribui
370 781 497 833 Appia
525 782 599 820 imo
630 782 790 821 Publicii
822 783 923 821 clivo
954 784 1002 823 ad
1027 790 1176 836 portam
1207 785 1474 836 Trigeminam.

276 838 314 878 6.
367 837 460 876 Post
489 849 608 876 annos
635 848 720 888 XL,
749 851 860 890 quam
890 839 1018 892 Appia
1049 841 1235 892 perducta
1261 849 1341 892 est,
1369 854 1468 882 auno
1492 843 1540 881 ab

162 893 260 934 urhe
292 895 445 934 condita
484 902 768 944 CCCCLXXXI,
806 895 872 934 Μ’.
906 895 1042 935 Curius
1072 896 1282 948 Dentatus,
1310 900 1374 950 qui
1404 911 1539 938 censu-

160 963 241 990 ram
269 962 353 989 cum
373 950 414 988 L.
445 950 597 1002 Papirio
621 950 789 990 Cursore
819 954 963 1002 gessit,
994 953 1175 1003 Anionis,
1207 956 1271 1005 qui
1298 967 1398 995 nunc
1417 955 1539 995 Vetus

160 1007 317 1056 dicitur,
350 1018 486 1057 aquam
508 1007 792 1058 perducendam
821 1010 857 1046 in
877 1009 1011 1048 urbem
1037 1022 1087 1048 ex
1108 1011 1295 1050 manubiis
1317 1011 1366 1051 de
1392 1011 1539 1061 Pyrrho

161 1064 286 1114 captis
325 1063 492 1112 locavit,
535 1064 601 1114 Sp.
636 1063 829 1113 Carvilio,
867 1065 907 1103 L.
938 1065 1091 1117 Papirio
1131 1067 1354 1106 consulibus
1386 1069 1536 1106 iterum.

160 1119 254 1158 Post
282 1118 475 1158 biennium
513 1119 651 1159 deinde
682 1127 806 1159 actum
833 1128 893 1159 est
922 1122 959 1160 in
998 1129 1132 1161 senatu
1162 1123 1211 1162 de
1241 1124 1537 1162 consummando

160 1176 244 1214 eius
270 1187 393 1227 aquae
420 1187 564 1227 opere;
593 1177 859 1229 frequentibus
881 1184 1005 1217 autem
1022 1178 1277 1218 Romanorum
1293 1179 1409 1219 bellis
1425 1192 1540 1231 prae-

159 1233 361 1281 termisso,
392 1232 543 1270 demum
574 1240 661 1284 post
692 1246 828 1272 nonum
864 1246 998 1273 annum
1028 1247 1160 1274 rursus
1182 1235 1359 1275 Minutius
1380 1242 1539 1288 praetor

158 1300 241 1327 rem
281 1288 423 1327 retulit.
484 1289 577 1327 Tum
613 1302 662 1328 ex
688 1297 844 1329 senatus
873 1291 1049 1329 consulto
1081 1291 1416 1343 duumviri-aquae
1447 1305 1535 1344 per·

159 1344 360 1383 ducendae
388 1345 509 1382 creati
530 1351 638 1394 sunt,
668 1344 826 1394 Curius,
861 1347 924 1396 qui
953 1358 1037 1384 eam
1064 1346 1283 1396 locaverat,
1316 1354 1355 1386 et
1379 1347 1536 1387 Fulvius

156 1399 336 1439 Flaccus.
383 1398 519 1438 Curius
537 1401 633 1439 intra
656 1403 823 1452 quintum
849 1401 970 1452 diem,
997 1414 1108 1454 quam
1130 1409 1212 1441 erat
1234 1404 1406 1442 duumvir
1427 1416 1535 1443 crea-

156 1462 242 1505 tus,
275 1456 464 1494 decessit:
502 1457 629 1506 gloria
666 1457 875 1508 perductae
908 1459 1088 1510 pertinuit
1115 1459 1162 1498 ad
1187 1458 1372 1498 Fulvium.
1434 1458 1533 1499 Cou-

158 1513 298 1564 cipitur
333 1511 433 1550 Anio
469 1513 591 1551 Vetus
627 1526 743 1565 supra
781 1513 898 1552 Tibur
935 1524 1000 1553 XX
1037 1515 1199 1554 miliario
1240 1522 1348 1555 extra
1385 1522 1534 1568 portam

156 1568 363 1616 Baranam,
402 1568 465 1606 ubi
504 1575 653 1620 partem
684 1570 746 1608 dat
782 1571 818 1609 in
856 1570 1066 1610 Tiburtium
1097 1583 1215 1610 usum.
1274 1571 1422 1611 Ductus
1451 1573 1534 1611 eius

157 1624 275 1664 habet
301 1624 599 1675 longitudinem,
630 1627 680 1665 ita
713 1629 894 1677 exigente
924 1626 1172 1677 libramento,
1204 1640 1384 1679 passuum
1418 1638 1532 1667 XLIII

156 1681 318 1719 milium:
356 1693 406 1719 ex
442 1693 491 1720 eo
521 1683 624 1720 rivus
657 1689 715 1721 est
749 1683 1023 1722 subterraneus
1055 1695 1235 1735 passuum
1265 1693 1362 1723 XLII
1390 1685 1533 1724 milium

156 1745 414 1781 DCCLXX1X;
445 1737 678 1777 substructio
708 1751 822 1790 supra
852 1745 991 1778 terram
1018 1752 1198 1791 passuum
1226 1749 1378 1779 CCXXI.

271 1795 310 1831 7.
368 1793 461 1832 Post
490 1806 610 1832 annos
651 1803 828 1842 CXXVII,
867 1795 903 1834 id
937 1802 996 1834 est
1033 1807 1130 1834 anno
1168 1796 1215 1835 ab
1254 1796 1350 1835 urbe
1379 1796 1531 1836 condita

158 1857 328 1898 DCVIII,
355 1850 440 1888 Ser.
466 1850 638 1901 Sulpicio
662 1851 781 1890 Galba
805 1864 888 1889 cum
912 1851 952 1890 L.
977 1852 1137 1891 Aurelio
1159 1851 1271 1891 Cotta
1294 1852 1531 1901 consulibus,

159 1916 244 1943 cum
273 1905 424 1956 Appiae
457 1906 696 1958 Anionisque
726 1908 885 1955 ductus,
919 1915 1111 1947 vetustate
1142 1910 1332 1960 quassati,
1363 1911 1530 1960 privato-

158 1971 239 1999 rum
269 1962 382 1998 etiam
410 1962 605 2001 fraudibus
636 1964 978 2014 interciperentur,
1007 1964 1133 2003 datum
1165 1971 1226 2003 est
1254 1977 1275 2003 a
1301 1971 1435 2004 senatu
1464 1975 1529 2002 ne·

158 2017 302 2067 gotium
325 2015 492 2066 Marcio,
534 2021 596 2070 qui
624 2025 699 2057 tum
728 2026 885 2071 praetor
907 2021 1006 2059 inter
1030 2022 1135 2060 cives
1161 2027 1199 2059 et
1220 2021 1448 2072 peregrinos
1471 2020 1530 2058 ius

159 2071 333 2121 dicebat,
366 2084 496 2111 eorum
519 2075 694 2114 ductuum
725 2076 1021 2115 reficiendorum
1045 2089 1090 2115 ac
1111 2076 1433 2116 vindicandorum.
1481 2075 1529 2114 Et

158 2129 335 2181 quoniam
364 2129 636 2168 incrementum
664 2131 766 2170 urbis
797 2133 958 2182 exigere
986 2133 1187 2171 videbatur
1206 2131 1428 2182 ampliorem
1449 2143 1528 2170 mo·

157 2186 245 2224 dum
273 2195 417 2236 aquae,
444 2185 568 2223 eidem
596 2188 808 2226 mandatum
840 2199 860 2226 a
891 2195 1025 2227 senatu
1057 2195 1129 2237 est,
1160 2193 1200 2226 ut
1228 2193 1404 2236 curaret,
1437 2200 1527 2239 qua-

156 2247 267 2280 tenus
301 2241 395 2279 alias
428 2253 547 2292 aquas
593 2254 687 2292 quas
724 2251 859 2293 posset
902 2245 938 2282 in
975 2244 1108 2282 urbem
1142 2243 1387 2294 perduceret.
1455 2243 1529 2292 Qui

155 2297 285 2349 lapide
301 2296 485 2348 quadrato
510 2298 718 2348 ampliores
736 2300 870 2338 ductus
887 2301 1080 2348 excitavit,
1099 2310 1248 2350 perque
1267 2299 1355 2338 illos
1377 2311 1525 2351 aquam,
