1566 2496
246 151 696 186 smmosmncox
717 151 809 182 mn.
835 150 884 181 11.
917 148 1018 181 cAP.
1037 150 1078 180 v.
1097 149 1160 180 vr.
1337 139 1391 178 49

19 258 136 298 citum
175 262 216 296 et
252 257 384 309 plnres
422 267 543 295 naves
581 255 765 304 haberet,
802 259 918 293 nocte
957 252 1147 305 expositIs
1185 252 1396 291 interram

21 313 247 366 quibusdam
275 312 434 351 militnm
458 323 636 362 suorum,
667 317 776 364 parte
803 322 959 363 quoque
984 310 1134 348 navium
1162 314 1253 360 post
1276 319 1394 360 quae-

20 370 108 409 dam
134 370 395 422 promontoria
432 367 645 417 occultata,
686 368 771 418 ipse
808 379 894 406 cum
928 367 1061 418 paucis
1075 364 1312 417 profectus,
1344 365 1396 403 ita

21 433 61 475 ut
83 431 304 477 contemptu
324 425 383 463 sui
403 423 553 464 hostem
575 425 774 472 invitaret,
797 422 971 462 eumdem
993 423 1259 474 insequentem
1283 420 1395 471 rugit,
1454 463 1460 467 ,

20 482 147 521 donec
171 482 210 520 in
236 487 486 533 praeparatas
515 480 672 520 insidias
701 479 955 532 perduceret:
986 490 1165 517 aversum
1195 476 1335 516 deinde
1357 482 1398 515 et

21 538 285 589 egredientem
314 538 352 576 in
375 539 522 576 terram*
538 548 611 588 per
634 548 729 587 eos,
758 546 858 588 quos
884 535 931 590 ad
953 534 1029 573 hoc
1050 536 1175 586 ipsum
1202 544 1396 584 exposue-

21 600 103 644 rat,
133 594 288 633 cecidit.

132 650 200 688 45.
255 649 383 699 idem,
407 649 533 689 navali
558 647 712 701 proelio
733 647 1022 696 decertaturus,
1054 646 1250 685 constituit
1273 645 1397 684 malos

23 705 208 756 quosdam
234 705 274 744 in
301 706 585 758 promontorio,
614 704 894 756 praecepitque
914 702 973 742 his
1000 713 1098 754 quos
1127 701 1180 740 ibi
1204 700 1397 752 relinque-

23 760 111 809 hat,
135 766 199 810 ut,
224 772 309 800 cnm
331 763 573 800 commissum
595 759 783 812 proelium
801 759 1036 809 sensissent,
1053 757 1267 810 panderent
1286 756 1396 796 vela:

25 827 102 869 quo
130 816 235 855 facto
265 823 497 855 consecutus
528 822 608 864 est,
634 821 675 854 ut
702 815 862 864 hostes,
894 814 1007 854 aliam
1033 814 1199 854 classem
1229 815 1267 852 in
1291 814 1397 853 auxi·

25 873 115 912 lium
142 873 394 924 supervenire
424 874 461 911 ei
484 871 677 919 arbitrati,
705 876 960 909 verterentur.

136 929 204 968 46.
260 927 438 966 Memnon
465 927 636 966 Rhodius
664 926 790 965 navali
816 925 990 978 proelio,
1025 938 1109 964 cum
1138 925 1302 965 haberet
1332 926 1398 965 du-

26 989 221 1023 centarum
249 986 399 1023 navium
427 983 593 1022 classem
623 988 662 1022 et
693 982 859 1021 hostium
889 993 1008 1021 naves
1034 981 1181 1020 elicere
1210 981 1258 1020 ad
1283 993 1397 1033 proe-

26 1040 116 1079 lium
145 1040 287 1089 vellet,
322 1041 374 1079 ita
415 1039 602 1079 ordinavit
639 1050 755 1087 suos,
792 1043 832 1077 ut
860 1049 1069 1090 paucarum
1100 1038 1251 1076 navium
1275 1038 1399 1076 malos

27 1097 244 1147 erigerent,
283 1108 429 1148 easque
465 1097 605 1147 primas
630 1095 692 1145 agi
722 1093 841 1133 iubet.
897 1093 1040 1132 Hostes
1070 1093 1207 1144 procul
1246 1095 1400 1145 conspi-

27 1153 102 1191 cati
129 1164 325 1191 numerum
354 1151 532 1191 arborum
554 1157 593 1190 et
616 1163 666 1190 ex
691 1162 740 1189 eo
759 1150 908 1188 navium
934 1161 1089 1201 quoque
1121 1151 1400 1198 coniectantes,

26 1207 245 1247 obtulerunt
273 1220 318 1247 se
346 1209 567 1258 certamini,
596 1206 668 1246 sed
691 1219 713 1245 a
741 1206 914 1258 pluribus
942 1207 1122 1257 occupati
1151 1207 1402 1257 superatique

28 1269 126 1303 sunt.

135 1321 203 1359 47.
261 1319 484 1358 Timotheus
519 1319 596 1358 dux
634 1318 949 1367 Atheniensium,
984 1317 1172 1365 adversus
1205 1317 1401 1357 Lacedae-

26 1376 175 1415 monios
202 1375 329 1415 navali
356 1377 440 1415 acie
470 1375 758 1424 decertaturus,
791 1386 874 1413 cum
897 1375 1079 1412 instructa
1103 1373 1241 1412 classis
1268 1386 1402 1413 eorum

26 1432 75 1471 ad
109 1432 352 1483 pugnandum
389 1432 672 1483 processisset,
710 1443 762 1469 ex
796 1430 1052 1469 velocissimis
1078 1430 1240 1469 navibus
1268 1432 1402 1481 viginti

28 1489 243 1538 praemisit,
281 1499 379 1539 quae
419 1489 518 1526 omni
549 1493 631 1526 arte
657 1487 843 1538 varioque
870 1486 972 1525 flexu
1001 1486 1203 1525 eluderent
1234 1486 1399 1525 hostem.

27 1542 78 1594 Ut
106 1544 265 1594 primum
285 1543 425 1582 deinde
449 1544 569 1582 sensit
589 1544 711 1581 minus
739 1543 893 1592 agiliter
911 1543 1060 1580 moveri
1086 1542 1288 1582 adversam
1315 1555 1402 1595 par-

28 1604 127 1647 tem,
155 1610 388 1650 progressus
419 1599 681 1651 praelassatos
711 1598 827 1637 facile
857 1598 1067 1648 superavit.

518 1679 519 1682 ¹
562 1707 758 1748 CAPUT
797 1707 870 1747 VI.

87 1795 150 1824 DE
186 1795 456 1826 Em‘rTENDO
486 1796 659 1837 HOSTE,
694 1795 756 1825 NE
783 1794 982 1826 CLAUSUS
1013 1795 1251 1839 PRQELIUM
1285 1798 1348 1828 Ex

349 1851 702 1882 DESPERATIONE
737 1851 1080 1882 BEDINTEGRET.

147 1932 183 1969 1.
242 1930 374 1969 Gallos
412 1942 461 1970 eo
490 1931 664 1982 proelio,
696 1931 798 1982 quod
824 1930 971 1970 Camilli
1002 1931 1118 1971 ductu
1146 1939 1299 1983 gestum
1328 1940 1402 1982 est,

32 1986 298 2026 desiderantes
329 1987 479 2037 navigia
510 1987 646 2038 quibus
675 1986 842 2025 Tiberim
870 1989 1096 2038 transirent,
1128 1995 1284 2028 senatus
1315 2002 1404 2029 cen-

32 2043 107 2080 suit
147 2041 451 2081 transvehendos
497 2049 536 2081 et
582 2042 855 2081 commeatibus
897 2055 1051 2096 quoque
1095 2046 1403 2096 prosequendos.

31 2095 213 2136 Eiusdem
248 2099 406 2149 generis
448 2097 661 2137 hominibus
706 2104 842 2150 postea
879 2111 952 2151 per
990 2100 1227 2152 Pomptinum
1273 2113 1406 2151 agrum

31 2151 265 2202 fugientibus
294 2155 355 2193 via
384 2154 470 2192 data
501 2160 586 2203 est,
616 2166 715 2205 quae
745 2153 893 2194 Gallica
921 2156 1150 2207 adpellatur.

143 2208 182 2247 2.
238 2209 282 2248 L.
313 2209 478 2249 Marcius
505 2222 628 2261 eques
651 2209 865 2260 Romanus,
895 2213 956 2250 cui
980 2211 1130 2251 duobus
1159 2210 1405 2262 Scipionibus

34 2263 175 2302 occisis
210 2267 403 2304 exercitus
441 2266 640 2317 imperium
675 2265 834 2313 detulit,
873 2279 957 2305 cum
996 2268 1243 2306 circumventi
1282 2265 1329 2304 ab
1356 2277 1405 2304 eo

31 2317 170 2368 Poeni,
199 2332 248 2359 ne
276 2321 384 2360 inulti
413 2327 675 2372 morerentur,
707 2322 833 2361 acrius
857 2329 1095 2375 pugnarent,
1127 2322 1265 2360 laxatis
1289 2323 1405 2361 mani·

95 2388 249 2415 raom.
282 2390 430 2417 srnA'r.
1106 2390 1131 2426 4
