1566 2496
139 147 191 187 60
584 155 684 188 sEx.
715 157 831 187 1UL11
862 157 1084 188 nmmum

242 259 271 299 1.
305 259 364 298 De
392 261 594 311 repentino
622 262 779 312 impetu.

226 316 273 358 11.
303 316 361 355 De
391 316 569 356 fallendis
594 318 661 366 iis,
695 318 758 368 qui
785 316 1022 356 obsidentur.

210 372 276 412 111.
307 372 367 412 De
399 373 600 412 eliciendis
632 374 679 412 ad
711 374 980 424 proditionem.

210 429 274 468 lV.
306 429 380 468 Per
408 442 506 481 quae
538 430 672 469 hostes
703 430 749 469 ad
778 430 944 481 inopiam
973 430 1208 481 redIgantur.

224 486 271 524 V.
305 485 630 535 Quemadmodum
668 487 967 538 persuadeatur,
1009 486 1249 527 obsidionem
1295 499 1517 539 permansu-

354 554 447 583 ram.

210 598 275 637 VI.
308 598 368 638 De
399 599 661 638 destructione
690 599 968 650 praesidiorum
998 598 1204 638 hostilium.

191 654 275 694 VII.
307 655 366 694 De
397 655 588 694 fluminum
618 655 856 694 derivatione
886 661 925 693 et
953 655 1152 694 vitiatione
1181 668 1375 708 aquarum.

172 711 274 750 Vlll.
306 711 366 751 De
398 712 589 750 iniciendo
621 711 795 750 obsessis
826 723 986 763 pavore.

212 768 277 807 IX.
311 768 370 807 De
396 769 607 819 irruptione
640 781 689 807 ex
720 769 872 807 diversa
899 774 1030 819 parte,
1060 780 1172 820 quam
1193 774 1479 821 exspectamus.

231 824 279 863 X.
310 824 370 864 De
401 825 567 874 insidiis,
600 837 671 876 per
703 837 798 876 quas
830 824 1030 863 eliciantur
1059 824 1226 864 obsessi.
1494 837 1499 840 ·

212 880 278 920 XI.
309 880 367 920 De
394 881 636 920 simulatione
668 893 887 932 regressus.

133 947 194 987 Ex
225 949 418 988 contrario
448 950 552 987 circa
581 948 741 987 tutelam
769 948 1034 987 obsessorum.

195 1016 279 1056 XII.
313 1016 373 1055 De
404 1016 606 1055 excitanda
637 1028 728 1055 cura
756 1028 924 1055 suorum.

183 1072 287 1112 XIII.
316 1073 376 1112 De
408 1072 617 1111 emittendo
645 1078 683 1111 et
709 1073 936 1123 recipiendo
967 1072 1111 1111 nuntio.

181 1129 285 1169 XIV.
317 1130 376 1168 De
415 1129 700 1168 introducendis
739 1129 889 1168 auxiliis
928 1135 967 1168 et
997 1127 1272 1168 commeatibus
1302 1140 1515 1179 suggeren-

202 1241 286 1282 XV.
329 1186 656 1290 Qffleqinadmodum
676 1241 886 1291 efficiatur,
917 1247 958 1280 ut
975 1240 1168 1280 abundare
1186 1240 1399 1291 videantur,
1417 1252 1515 1292 quae

188 1353 289 1393 XVI.
327 1299 583 1402 quzezldrtlitone
614 1352 877 1404 proditoribus
908 1359 947 1391 et
974 1353 1183 1404 transfugis
1215 1358 1454 1392 occurratur.

171 1409 290 1448 XVII.
326 1410 386 1448 De
418 1409 693 1461 eruptionibus.

150 1464 287 1504 XVIII.
326 1465 387 1504 De
418 1466 633 1505 constantia
662 1464 925 1504 obsessorum.

697 1587 727 1628 C
738 1588 772 1627 A
784 1588 813 1628 P
827 1588 898 1628 UT
929 1588 960 1628 Ι.

546 1678 609 1707 DE
630 1676 896 1707 REPENTINO
918 1676 1107 1707 IMPETU.

245 1770 281 1808 1.
336 1768 379 1807 T.
410 1768 608 1817 Quinctius
639 1768 797 1818 consul,
838 1769 950 1808 victis
993 1770 1077 1808 acie
1107 1768 1256 1820 Aequis
1298 1774 1336 1807 et
1357 1768 1514 1808 Volscis

129 1839 214 1865 cum
239 1826 391 1864 Antium
419 1824 600 1877 oppidum
624 1837 847 1876 expugnare
879 1826 1099 1875 statuisset,
1129 1825 1176 1864 ad
1199 1826 1426 1864 concionem
1446 1836 1512 1863 vo-

131 1888 217 1921 cato
255 1882 428 1920 exercitu
467 1881 671 1932 exposuit,
707 1894 817 1932 quam
852 1882 890 1920 id
930 1887 969 1920 et
1012 1882 1274 1925 necessarium
1322 1887 1362 1920 et
1397 1881 1513 1921 facile

131 1944 256 1987 esset,
287 1939 318 1975 si
345 1949 420 1976 non
443 1937 681 1976 differretur:
716 1949 843 1989 eoque
860 1938 1025 1990 impetu,
1052 1949 1165 1990 quem
1181 1937 1399 1977 exhortatio
1422 1948 1512 1976 con-

130 1995 335 2043 citaverat,
368 1993 577 2043 adgressus
604 1999 662 2031 est
692 1994 838 2032 urbem.

243 2060 281 2099 2.
335 2059 384 2098 M.
418 2059 513 2099 Cato
550 2060 588 2098 in
616 2059 799 2112 Hispania
836 2060 1102 2100 animadvertit
1130 2061 1245 2113 potiri
1275 2072 1318 2099 se
1349 2059 1513 2111 quodam

132 2117 276 2170 oppido
298 2128 440 2168 posse,
474 2117 505 2154 si
537 2116 755 2167 inopinatus
780 2117 994 2156 invaderet.
1056 2117 1255 2166 Quatridui
1283 2116 1411 2166 itaque
1439 2116 1514 2154 iter

130 2175 246 2214 biduo
270 2185 342 2225 per
368 2172 602 2222 confragosa
634 2179 672 2211 et
702 2173 858 2212 deserta
882 2185 1083 2223 emensus,
1113 2172 1205 2212 nihil
1231 2171 1311 2210 tale
1340 2177 1511 2210 metuen-

130 2237 190 2270 tes
222 2230 418 2282 obpressit
443 2228 590 2266 hostes.
651 2229 871 2268 Victoribus
897 2230 1035 2269 deinde
1067 2230 1145 2268 suis
1171 2239 1323 2267 causam
1354 2233 1430 2267 tam
1455 2227 1510 2266 fa·
1556 2263 1558 2265 ,

132 2287 216 2326 cilis
243 2291 403 2325 eventus
429 2284 713 2335 requirentibus
738 2285 852 2334 dixit,
880 2292 970 2324 tunc
997 2286 1084 2326 illos
1109 2283 1310 2324 victoriam
1330 2283 1509 2336 adeptos,

132 2355 215 2382 cum
246 2341 434 2394 quatridui
460 2342 532 2380 iter
560 2340 676 2379 biduo
709 2342 931 2393 eripuerint.
