1566 2496
135 131 189 171 58
583 139 682 173 sex.
708 143 823 174 1UL11
851 143 1078 176 FRoN'rnu

133 243 297 284 haberet
327 245 654 299 explorassetque
682 247 854 287 Thracas
880 261 930 287 ex
960 248 1149 300 collibus,
1191 261 1264 301 per
1292 260 1391 301 quos
1419 261 1515 289 unus

134 306 218 340 erat
260 301 498 354 descensus,
532 310 648 342 nocte
678 305 726 343 ad
762 305 975 356 diripienda
1005 311 1131 345 castra
1167 311 1378 356 venturoS,
1418 306 1517 346 clam

135 357 241 396 duxit
265 361 478 398 exercitum
506 365 545 399 et
575 361 613 398 in
641 367 806 412 utroque
835 362 923 400 viae
954 362 1103 411 latere,
1138 374 1210 414 per
1239 374 1351 413 quam
1380 363 1515 402 transi-

132 414 207 452 turi
243 421 352 453 erant
389 416 583 466 Thraces,
621 417 860 457 distributum
900 418 1141 462 conlocavit:
1183 418 1411 471 hostemque
1449 418 1515 458 de·

137 477 354 510 currentem
385 474 422 511 in
454 479 599 522 castra,
626 474 663 511 in
688 474 826 525 quibus
849 474 956 513 multi
983 475 1095 525 ignes
1123 487 1196 526 per
1220 479 1429 527 paucorum
1451 487 1514 514 cu-

133 539 214 566 ram
249 528 407 568 instituti
446 530 618 580 speciem
656 532 842 570 manentis
879 530 931 570 ibi
960 531 1209 570 multitudinis
1236 531 1463 582 servabant,
1494 543 1515 570 a

133 583 320 623 lateribus
351 585 508 625 adortus
541 586 751 638 obpressit.

646 696 843 738 CAPUT
884 698 1009 738 XIII.

618 787 680 817 DE
719 786 1035 818 EFFUGIENDO.

249 867 285 905 1.
347 866 469 918 Galli,
501 870 704 919 pugnaturi
732 852 816 907 curn
841 867 995 919 Attalo,
1027 880 1158 908 aurum
1183 880 1294 908 omne
1317 874 1355 908 et
1378 881 1515 920 argen-

132 928 210 961 tum
232 922 349 961 certis
372 924 596 964 custodibus
613 924 871 973 tradiderunt,
898 937 918 964 a
936 924 1074 976 quibus
1088 955 1099 975 ,
1127 925 1160 964 si
1177 926 1262 965 acie
1278 924 1352 964 fusi
1368 931 1515 975 essent,

133 985 408 1030 spargeretur,
448 993 524 1033 quo
563 981 714 1021 facilius
749 981 972 1032 colligenda
1002 981 1148 1034 praeda
1177 981 1329 1021 hostem
1357 981 1516 1034 impedi-

132 1041 209 1074 tum
235 1036 467 1087 effugerent.

246 1103 285 1142 2.
346 1103 531 1156 Tryphon
562 1105 698 1154 Syriae
724 1118 816 1155 rex,
855 1105 981 1144 victus
1015 1117 1088 1157 per
1116 1110 1235 1144 totum
1261 1106 1334 1144 iter
1362 1106 1516 1156 fugiens

133 1162 336 1212 pecuniam
367 1163 530 1213 sparsit,
562 1174 724 1213 eamque
751 1162 936 1201 sectando
953 1161 1135 1200 Antiochi
1161 1163 1312 1213 equites
1341 1162 1515 1202 immora-

134 1223 197 1256 tos
224 1217 372 1268 effugit.

247 1273 285 1313 3.
349 1274 395 1322 Q.
426 1274 643 1324 Sertorius,
674 1274 918 1325 pulsus'acie
950 1286 972 1313 a
1001 1273 1048 1321 Q.
1076 1272 1237 1312 Metello
1269 1273 1351 1324 Pio,
1382 1286 1431 1313 ne
1458 1273 1515 1313 fu-

132 1342 222 1380 gam
260 1331 416 1383 quidem
447 1330 520 1368 sibi
557 1337 674 1369 tutam
717 1329 943 1379 arbitratus,
983 1329 1089 1368 abire
1130 1329 1331 1381 dispersos
1375 1330 1518 1370 milites

134 1387 267 1436 iussit,
297 1387 511 1426 admonitos
542 1388 579 1425 in
610 1398 723 1437 quem
752 1386 879 1424 locum
909 1385 1030 1424 vellet
1059 1387 1282 1425 convenire.

247 1455 285 1493 4.
341 1453 558 1502 Viriathus,
586 1453 663 1492 dux
678 1452 962 1502 Lusitanorum,
993 1454 1126 1505 copias
1151 1459 1303 1492 nostras
1325 1452 1515 1493 locorum-

136 1523 211 1562 que
248 1511 486 1562 iniquitatem
524 1510 647 1549 evasit
681 1509 817 1548 eadem
847 1521 922 1561 qua
951 1510 1146 1548 Sertorius
1176 1510 1346 1559 ratione,
1378 1521 1515 1562 sparso

136 1568 334 1617 exercitu,
368 1566 507 1606 deinde
533 1565 764 1605 recollecto.

249 1635 287 1674 5.
350 1634 530 1673 Horatius
553 1632 719 1682 Cocles,
750 1640 940 1684 urguente
954 1634 1157 1674 Porsenae
1181 1632 1378 1681 exercitu,
1407 1632 1518 1670 iussit

136 1703 228 1730 suos
257 1703 329 1743 per
360 1697 517 1742 pontem
547 1690 675 1729 redire
704 1688 743 1729 in
764 1691 899 1729 urbem
924 1702 1115 1741 eumque,
1149 1701 1198 1728 ne
1225 1690 1272 1728 ea
1303 1661 1516 1739 sub'seque-

136 1754 243 1787 retur
275 1747 419 1797 hostis,
451 1747 705 1786 intercidere:
737 1747 841 1798 quod
871 1747 957 1786 dum
987 1747 1174 1793 efficitur,
1211 1745 1249 1783 in
1279 1745 1406 1795 capite
1435 1744 1517 1782 eius

137 1810 406 1855 propugnator
439 1804 523 1854 ipse
561 1804 812 1854 insequentes
849 1804 1019 1845 detinuit.
1079 1801 1220 1840 Audito
1251 1801 1416 1852 denique
1442 1799 1516 1839 fra-

138 1872 236 1910 gore
264 1861 389 1911 pontis
421 1859 592 1910 abrupti,
629 1860 771 1898 deiecit
800 1872 843 1898 se
872 1861 910 1898 in
939 1859 1111 1908 alveum,
1143 1869 1307 1909 eumque
1337 1857 1375 1895 in
1404 1856 1517 1896 armis

139 1922 179 1955 et
207 1916 432 1955 vulneribus
464 1921 643 1954 oneratus
675 1917 897 1955 transnavit.

252 1982 289 2021 6.
344 1982 524 2020 Afranius
551 1982 587 2019 in
616 1982 797 2033 Hispania
821 1982 868 2021 ad
888 1982 1074 2030 Ilerdam,
1106 1992 1190 2019 cum
1222 1978 1429 2019 Caesarem
1459 1978 1516 2016 fu-

138 2044 275 2090 geret,
315 2039 480 2087 instante
516 2049 563 2076 eo
593 2045 718 2077 castra
748 2040 894 2090 posuit:
935 2051 1020 2077 cum
1048 2037 1148 2076 idem
1181 2035 1327 2075 Caesar
1355 2034 1518 2073 fecisset

141 2101 179 2135 et
207 2094 427 2147 pabulatum
454 2105 544 2132 suos
572 2095 760 2144 misisset,
792 2095 858 2133 ille
884 2095 1032 2145 signum
1058 2099 1221 2145 repente
1242 2091 1367 2130 itineri
1398 2090 1514 2129 dedit.

253 2164 291 2202 7.
354 2161 565 2210 Antonius,
601 2174 685 2200 cum
715 2175 763 2200 ex
787 2162 935 2201 Parthis
966 2161 1040 2200 sibi
1065 2158 1290 2199 instantibus
1319 2158 1519 2209 reciperet
1562 2185 1566 2190 ⁴

140 2219 354 2259 exercitum
382 2224 441 2267 et,
481 2218 659 2269 quotiens
687 2220 808 2270 prima
838 2218 925 2257 luce
954 2221 1151 2265 moveret,
1180 2215 1321 2254 totiens
1352 2225 1516 2264 urguen·
1562 2224 1566 2250 :

140 2277 242 2316 tibus
278 2275 527 2315 barbarorum
559 2275 709 2324 sagittis
749 2274 998 2313 infestaretur
1037 2272 1254 2311 abeuntium
1288 2281 1450 2321 agmen,
1479 2270 1517 2307 in

143 2334 308 2384 quintam
343 2332 474 2371 horam
511 2331 695 2370 continuit
736 2341 827 2369 suos
867 2336 904 2369 et
933 2329 1046 2370 fidem
1077 2338 1124 2367 eo
1155 2327 1380 2366 stativorum
1410 2325 1515 2366 fecit.
