1566 2496
210 116 657 154 smmenm'ncou
684 120 774 150 Lm.
793 119 841 153 11.
873 118 973 150 esp,
1004 118 1189 152 vm—x.
1366 109 1418 148 55

0 268 6 281 ι
158 226 198 265 5.
255 224 444 264 Domitius
474 222 669 273 Corbulo,
699 236 783 262 cum
814 222 1129 274 Tigranocertam
1153 221 1352 262 obsideret
1380 227 1421 260 et

46 281 216 323 Armenii
237 282 486 334 pertinaciter
505 281 728 319 viderentur
751 279 948 319 toleraturi
973 279 1234 327 obsidionem,
1265 279 1302 316 in
1317 277 1419 316 Vad-

47 338 186 378 vadum
215 337 414 389 quemdam
443 348 491 375 ex
514 335 791 386 Megistanibus
819 347 918 387 quos
952 341 1111 387 ceperat
1141 334 1419 385 animadvertit,

48 400 239 446 caputque
265 394 349 432 eius
377 392 529 431 ballista
559 404 763 431 excussum
791 392 885 430 intra
909 393 1134 431 munimenta
1164 391 1329 430 hostium
1353 390 1420 428 mi·

48 451 110 490 sit.
168 449 212 489 ld
248 449 351 488 forte
388 448 530 487 decidit
558 449 596 486 in
632 448 795 486 medium
826 448 1050 496 concilium,
1094 447 1196 499 quod
1227 452 1303 485 tum
1336 458 1420 485 cum

47 507 209 545 maxime
232 504 425 545 habebant
450 503 624 543 barbari:
657 504 704 543 ad
729 505 836 542 cuius
859 510 1110 556 conspectum
1134 503 1240 542 velut
1265 508 1420 541 ostento

49 562 282 602 consternati
311 560 358 600 ad
386 560 615 599 deditionem
636 560 926 599 festinaverunt.

162 617 202 658 6.
259 616 530 656 Hermocrates
570 617 856 666 Syracusanus,
888 616 1080 667 superatis
1107 616 1192 654 acie
1222 613 1421 664 Carthagi-

49 673 265 723 aiensibus,
303 673 447 712 veritus
483 685 531 710 ne
575 673 739 723 captivi,
777 677 938 723 quorum
978 672 1172 722 ingentem
1206 683 1356 709 manum
1387 670 1424 708 in

51 734 284 783 potestatem
315 728 544 778 redegerat,
580 740 712 779 parum
750 728 956 778 diligenter
981 728 1288 775 custodirentur,
1321 726 1425 777 quod

53 791 216 824 eventus
243 784 492 823 dimicationis
522 785 559 821 in
589 784 722 834 epulas
751 790 789 822 et
817 785 1061 822 securitatem
1084 783 1325 835 compellere
1344 783 1422 820 vic-

52 848 161 880 tores
190 845 369 892 poterat,
399 839 504 877 linxit
538 840 709 889 proxima
742 845 856 877 nocte
889 841 1097 890 equitatum
1127 839 1306 878 hostilem
1331 850 1423 876 ven·

52 903 187 936 turum.
246 895 331 944 Qua
356 895 651 949 exspectatione
678 894 883 933 adsecutus
910 901 989 944 est,
1021 901 1060 933 ut
1089 895 1205 934 solito
1235 895 1426 934 adtentius

52 952 210 1004 vigiliae
238 957 458 1001 agerentur.

166 1009 206 1047 7.
262 1006 388 1055 Idem,
412 1005 530 1044 rebus
553 1017 743 1057 prospere
767 1006 913 1056 gestis,
940 1011 978 1044 et
1008 1005 1059 1044 ob
1085 1005 1121 1044 id
1145 1005 1327 1044 resolutis
1348 1006 1427 1043 suis

54 1065 93 1103 in
121 1063 272 1102 nimiam
299 1064 544 1102 securitatem
571 1073 781 1113 somnoque
820 1068 857 1100 et
893 1074 1000 1100 mero
1027 1062 1195 1113 pressis,
1235 1062 1272 1099 in
1302 1066 1429 1099 castra

55 1120 220 1159 hostium
233 1118 468 1168 transfugam
489 1119 611 1167 misit,
638 1119 701 1169 qui
728 1118 1024 1169 praetenderet,
1050 1130 1094 1156 se
1118 1117 1209 1167 fuga
1234 1116 1427 1168 elapsum;

56 1176 264 1228 dispositas
293 1176 391 1213 enim
409 1174 549 1225 ubique
570 1185 599 1223 a,
617 1175 868 1222 Syracusanis
891 1174 1067 1213 insidias:
1099 1185 1217 1224 quare
1243 1185 1291 1211 ne
1313 1179 1429 1212 noctu

57 1232 278 1283 reciperent
307 1231 443 1269 aciem.
502 1229 582 1278 Illi,
621 1230 687 1268 lux
716 1242 799 1268 cum
832 1230 1076 1279 adventaret,
1103 1230 1302 1281 persecuti
1331 1229 1430 1268 viam

55 1289 95 1327 in
123 1287 251 1327 fossas
280 1285 506 1325 deciderunt
537 1291 576 1324 et
605 1297 654 1325 eo
682 1286 797 1325 modo
826 1287 919 1325 victi
945 1292 1042 1324 sunt.

601 1396 798 1437 CAPUT
836 1397 884 1436 X.

57 1485 102 1516 ει
134 1484 219 1516 RES
259 1484 430 1515 numus
469 1483 709 1526 cssssssm‘r,
749 1484 812 1514 DE
849 1484 1073 1515 Anvnnffls
1112 1484 1430 1515 EMENDANms.

172 1565 210 1606 1.
268 1563 312 1603 T.
342 1564 475 1604 Didius
506 1566 542 1603 in
563 1565 767 1616 Hispania,
799 1577 884 1603 cum
908 1565 1096 1602 acerrimo
1117 1565 1268 1616 proelio
1300 1565 1431 1603 conili-

61 1620 187 1659 xisset
213 1620 315 1671 quod
349 1632 427 1659 nox
459 1620 684 1670 diremerat,
720 1631 858 1670 magno
897 1631 1053 1658 numero
1087 1622 1274 1672 utrimque
1315 1632 1432 1659 caeso

62 1675 264 1726 complura
297 1688 451 1715 suorum
486 1688 652 1727 corpora
690 1677 785 1714 intra
822 1681 975 1714 noctem
1014 1676 1240 1727 sepelienda
1272 1677 1431 1715 curavit.

58 1728 220 1781 Hispani
250 1738 407 1782 postera
444 1732 505 1770 die
536 1733 584 1771 ad
622 1732 744 1770 simile
776 1731 943 1770 officium
970 1733 1195 1783 progressi,
1226 1733 1314 1783 quia
1349 1732 1432 1783 plu-

63 1797 131 1823 res
162 1797 212 1823 ex
238 1786 407 1837 ipsorum
431 1799 588 1826 numero
614 1799 725 1838 quam
750 1799 800 1825 ex
823 1786 1003 1826 Romanis
1024 1800 1163 1826 caesos
1192 1794 1433 1839 repererant,

63 1841 190 1879 victos
225 1853 268 1878 se
308 1854 396 1880 esse
435 1844 643 1882 secundum
676 1855 759 1881 eam
791 1843 1129 1883 dinumerationem
1166 1845 1433 1894 argumentati,

64 1896 113 1936 ad
144 1896 383 1935 conditiones
407 1899 650 1950 imperatoris
679 1898 973 1938 descenderunt.

177 1951 217 1990 2.
275 1951 317 1990 L.
347 1951 511 1992 Marcius
541 1967 662 2006 eques
691 1954 907 2004 Romanus,
945 1956 1009 2007 qui
1038 1954 1214 2007 reliquiis
1240 1958 1434 1995 exercitus

63 2007 223 2047 duorum
255 2008 476 2059 Scipionum
512 2010 700 2061 praefuit,
738 2022 823 2048 cum
854 2011 892 2049 in
929 2013 1147 2063 propinquo
1187 2011 1272 2051 bina
1309 2018 1434 2051 castra

0 2086 3 2096 ι
43 2061 279 2107 ,Poenorum
330 2064 464 2114 paucis
513 2065 663 2104 milibus
719 2077 896 2116 passuum
945 2067 1158 2116 distarent,
1213 2068 1435 2107 cohortatus

62 2119 206 2158 milites
245 2121 424 2170 proxima
466 2126 590 2159 castra
634 2122 860 2172 intempesta
904 2129 1018 2161 nocte
1066 2123 1223 2162 adortus
1269 2129 1350 2168 est;
1397 2128 1437 2160 et

66 2185 152 2213 cum
196 2175 346 2214 hostem
388 2176 575 2214 victoriae
618 2175 755 2216 fiducia
796 2178 1088 2230 incompositum
1131 2180 1340 2229 adgressus
1386 2190 1435 2216 ne

66 2230 217 2269 nuntios
247 2231 399 2282 quidem
429 2232 550 2271 cladis
586 2231 829 2283 reliquisset,
863 2233 1091 2274 brevissimo
1123 2241 1298 2284 tempore
1328 2233 1437 2272 militi

66 2284 116 2324 ad
144 2287 314 2338 requiem
338 2288 449 2338 dato,
477 2287 612 2328 eadem
634 2294 749 2328 nocte
778 2291 912 2342 raptim
934 2291 1069 2330 famam
1093 2291 1148 2328 rei
1167 2295 1303 2339 gestae
1323 2301 1435 2340 prae-
