1566 2496
134 133 182 172 10
572 142 671 173 sex.
705 143 821 174 1UL11
852 143 1078 175 FRONTINI

130 245 295 284 hostium
327 246 541 285 exercitum
571 258 647 286 non
682 253 840 299 posset,
879 248 1040 287 adsidue
1075 247 1295 300 producere
1329 255 1369 288 et
1398 249 1510 289 redu-

133 314 224 340 cere
247 303 284 341 in
309 308 435 341 castra
456 303 632 343 instituit:
657 303 817 354 deinde,
840 305 877 343 in
898 305 1071 344 eamdem
1090 305 1382 356 persuasionem
1401 306 1514 345 hoste

132 358 321 410 perducto
335 388 345 408 ,
367 371 415 397 ne
442 359 558 398 ullam
578 360 676 399 viam
702 361 749 400 ad
769 373 1021 412 progressum
1041 360 1299 400 Romanorum
1320 368 1511 412 tenerent,

133 421 295 467 repente
326 416 468 467 impetu
499 416 603 455 facto
632 418 829 456 transitum
856 418 996 469 rapuit.

245 472 284 511 9.
321 470 545 511 Alexander
579 472 766 523 Macedo,
805 473 1036 525 prohibente
1071 486 1169 524 rege
1203 473 1382 512 Indorum
1410 472 1510 512 Poro

132 529 242 567 traici
272 529 483 567 exercitum
520 541 592 580 per
627 529 766 569 flumen
799 530 1030 581 Hydaspen,
1061 530 1249 570 adversus
1279 542 1416 581 aquam
1446 530 1511 569 ad-

133 585 242 624 sidue
280 576 515 636 procurrere
554 586 664 625 iussit
698 598 810 625 suos:
851 593 890 625 et
919 586 982 625 ubi
1011 598 1059 625 eo
1084 598 1192 625 more
1221 586 1512 625 exercitationis

131 641 339 680 adsecutus
371 647 452 690 est,
486 645 551 693 qui
575 654 596 681 a
625 642 726 681 Poro
758 643 921 682 adversa
951 644 1035 694 ripa
1065 649 1290 693 caveretur,
1320 643 1407 694 ipse
1439 654 1510 694 per

130 699 372 750 superiorem
405 704 553 749 partem
584 698 747 737 subitum
777 700 984 738 transmisit
1013 700 1239 738 exercitum.

245 753 370 803 Idem,
403 756 490 805 quia
516 754 597 794 Indi
627 755 788 794 fluminis
812 757 974 795 traiectu
998 752 1277 807 prohibebatur
1303 754 1351 794 ab
1380 754 1509 804 hoste,

130 811 296 850 diversis
327 811 426 849 locis
462 812 499 850 in
526 811 679 850 flumine
715 813 865 863 equites
895 812 1055 850 instituit
1085 811 1290 850 immittere
1321 817 1359 851 et
1388 817 1510 851 trans-

128 868 220 906 itum
259 868 414 912 minari;
451 880 613 919 cumque
652 869 947 919 exspectatione
983 867 1171 907 barbaros
1205 869 1373 907 intentos
1402 874 1510 907 tene·

129 929 216 973 ret,
239 923 399 963 insulam
419 924 535 975 paulo
557 925 804 963 remotiorem
829 926 990 976 primum
1012 926 1175 975 exiguo,
1207 923 1346 964 deinde
1366 925 1511 963 maiore

128 980 324 1032 praesidio
356 981 561 1032 occupavit
591 986 706 1032 atque
724 981 812 1020 inde
832 982 869 1019 in
897 981 1123 1020 ulteriorem
1145 981 1266 1032 ripam
1290 981 1510 1020 transmisit.

128 1036 189 1075 Ad
220 1048 330 1088 quam
359 1048 508 1076 manum
539 1036 828 1089 obprimendam
865 1050 950 1076 cum
979 1037 1149 1076 universi
1179 1049 1223 1076 se
1252 1036 1387 1084 hostes
1417 1036 1510 1075 effu·
1560 1069 1564 1076 .

127 1093 296 1143 dissent,
343 1093 429 1145 ipse
469 1094 595 1133 libero
634 1093 733 1133 vado
771 1100 1039 1145 transgressus
1072 1105 1206 1132 omues
1249 1094 1384 1145 copias
1420 1103 1511 1132 con·
1562 1091 1566 1133 ἶ

127 1150 258 1189 iunxit.
490 1154 494 1157 ’
1562 1193 1566 1198 1

245 1207 306 1245 10.
345 1206 588 1257 Xenophon,
626 1206 852 1245 ulteriorem
888 1207 1010 1257 ripam
1046 1205 1239 1244 Armeniis
1276 1203 1510 1254 tenentibus,
1558 1199 1566 1212 ⁴

127 1262 223 1301 duos
254 1263 363 1302 iussit
393 1264 527 1315 quaeri
555 1262 700 1301 aditus:
733 1269 771 1301 et
799 1275 883 1301 cum
916 1273 938 1300 a
965 1262 1150 1300 citeriore
1175 1261 1357 1313 repulsus
1389 1266 1530 1310 esset„

126 1319 274 1357 transiit
303 1319 350 1357 ad
380 1319 647 1369 superiorem:
692 1318 779 1357 inde
825 1329 981 1369 quoque
1005 1316 1219 1369 prohibitus
1250 1317 1414 1356 hostium
1445 1328 1511 1356 oc-

128 1387 263 1424 cursu,
295 1375 451 1426 repetiit
480 1374 617 1413 vadum
643 1373 823 1412 inferius:
856 1375 1039 1424 iussaque
1061 1373 1202 1413 ibidem
1218 1373 1375 1412 militum
1401 1378 1511 1425 parte
1552 1420 1554 1422 Ι

127 1430 361 1480 subsistere,
395 1442 523 1482 quae,
544 1442 627 1469 cum
654 1429 826 1468 Armenii
857 1430 904 1469 ad
932 1430 1125 1468 inferioris
1155 1430 1243 1469 vadi
1268 1429 1428 1469 tutelam
1450 1441 1511 1467 re-

119 1487 310 1536 diissent,
349 1499 420 1538 per
451 1485 645 1538 superius⁴
676 1486 1035 1537 transgrederetur,
1071 1485 1264 1536 Armenii,
1305 1482 1511 1525 credentes
1554 1499 1555 1502 ¹

128 1543 362 1582 decursuros
401 1555 557 1593 omneS,
595 1543 751 1594 decepti
787 1547 873 1581 sunt
913 1555 933 1582 a
973 1542 1274 1582 remanentibus,
1343 1541 1390 1580 Hi
1427 1553 1512 1580 cum

126 1600 332 1638 resistente
355 1600 461 1638 nullo
483 1600 621 1639 vadum
645 1605 916 1650 superassent,
934 1600 1209 1638 transeuntium
1231 1609 1387 1637 suorum
1401 1597 1511 1636 fuere
1552 1628 1554 1630 v

130 1662 454 1708 propugnatores.
1551 1638 1561 1699 l

244 1713 308 1751 11.
340 1712 488 1764 Appius
511 1710 691 1750 Claudius
725 1711 860 1750 consul
891 1711 1012 1763 primo
1043 1710 1148 1750 bello
1179 1710 1347 1759 Punico,
1379 1720 1464 1747 cum
1491 1720 1512 1747 a
1552 1704 1560 1755 l

130 1769 282 1819 Rhegio
319 1768 536 1807 Messanam
571 1769 739 1806 traicere
778 1767 936 1806 militem
970 1767 1169 1819 nequiret,
1209 1763 1511 1805 custodientibus

128 1825 267 1864 fretum
297 1825 458 1874 Poenis,
490 1825 632 1876 sparsit
657 1836 870 1874 rumorem,
898 1825 1007 1875 quasi
1036 1823 1180 1862 bellum
1208 1823 1352 1861 iniussu
1377 1820 1514 1873 populi

130 1882 325 1932 inceptum
362 1893 504 1931 gerere
543 1892 619 1918 non
660 1887 817 1931 posset,
858 1880 1102 1931 classemque
1131 1880 1169 1918 in
1197 1878 1345 1918 Italiam
1375 1887 1511 1916 versus

131 1948 175 1975 se
203 1949 322 1987 agere
348 1937 548 1975 simulavit.
610 1936 808 1986 Digressis
835 1936 974 1975 deinde
999 1936 1159 1985 Poenis,
1191 1935 1254 1986 qui
1278 1932 1512 1986 profectioni
1544 1968 1546 1972 .

132 1994 213 2033 eius
243 1993 457 2031 habuerant
487 1992 621 2041 iidem,
659 1994 908 2031 circumactas
931 2004 1051 2031 naves
1082 1991 1227 2043 adpulit
1256 1989 1425 2029 Siciliae.

216 2048 311 2088 -12.
346 2048 737 2101 Lacedaemoniorum
775 2049 919 2098 duces,
963 2061 1048 2087 cum
1084 2049 1296 2097 Syracusas
1324 2044 1512 2094 navigare

133 2106 392 2146 destinassent
421 2111 459 2143 et
488 2105 703 2143 Poenorum
734 2105 957 2156 dispositam
988 2117 1059 2156 per
1089 2104 1175 2143 litus
1206 2102 1373 2140 classem
1399 2101 1507 2139 time-

132 2168 237 2212 rent,
269 2160 405 2200 decem
434 2161 595 2199 Punicas
631 2172 772 2210 naveS,
812 2173 906 2212 quas
950 2162 1121 2211 captivas
1150 2156 1364 2204 habebant,
1390 2156 1511 2195 veluti

132 2219 314 2257 victrices
343 2218 482 2269 primas
512 2217 704 2255 iusserunt
735 2217 817 2267 agi,
840 2223 903 2255 aut
932 2229 953 2256 a
978 2217 1099 2255 latere
1129 2214 1264 2252 iunctis
1289 2217 1353 2252 aut
1377 2223 1509 2264 puppe

131 2276 307 2327 religatis
337 2274 440 2313 aliis:
470 2285 544 2324 qua
574 2273 708 2324 specie
740 2273 915 2323 deceptis
944 2272 1083 2311 Poenis
1111 2269 1357 2309 transierunt.

249 2331 311 2370 13.
341 2330 559 2382 Philippus,
599 2341 683 2367 cum
713 2329 908 2379 angustias
941 2328 1075 2376 maris,
1102 2338 1202 2377 quae
1232 2323 1412 2375 Cyaneae
1442 2324 1506 2364 ad·
1536 2332 1543 2338 ·
