1566 2496
159 134 212 175 90
596 144 697 176 SEX.
726 145 845 176 mnu
882 145 1107 178 monum

158 247 313 286 concito
335 247 685 298 transverberatus,
710 248 882 288 dedecus
899 250 1121 301 servitutis,
1143 256 1183 289 ut
1203 250 1392 302 voluerat,
1414 258 1537 292 morte

157 304 304 354 effugit.
635 322 639 328 ·

273 361 337 400 17.
392 360 443 401 M.
482 359 578 399 Cato
618 359 798 399 Censorii
834 360 958 411 filius,
997 362 1036 401 in
1074 362 1160 402 acie
1196 363 1403 404 decidente
1437 377 1539 417 equo

157 416 387 468 prolapsus,
427 429 512 456 eum
541 429 585 456 se
618 417 897 467 recollegisset
927 419 1337 472 animadvertissetque
1369 421 1538 472 gladium

157 473 352 512 excidisse
379 474 531 524 vagina,
561 475 706 512 veritus
730 474 974 524 ignominiam
1000 475 1115 514 rediit
1136 476 1173 514 in
1191 475 1362 522 hostem;
1393 490 1537 530 excep—

155 530 282 581 tisque
322 531 469 582 aliquot
510 529 757 580 vulneribus,
791 537 1024 582 recuperato
1056 532 1207 571 demum
1240 533 1370 584 gladio
1405 546 1537 574 rever-

157 598 222 624 sus
249 593 308 625 est
342 587 389 626 ad
418 598 523 625 suos.

271 642 335 682 18.
392 643 577 693 Petelini,
616 656 638 683 a
678 643 820 683 Poenis
866 643 1040 693 obsessi,
1086 650 1270 695 parentes
1311 651 1351 685 et
1391 646 1538 686 liberos

156 705 321 751 propter
349 700 517 751 inopiam
538 700 757 745 eiecerunt;
785 701 858 752 ipsi
889 701 1005 739 coriis
1026 701 1262 740 madefactisv
1280 707 1320 741 et
1347 702 1438 753 igne
1463 704 1537 742 sic-

155 757 251 794 catis
280 756 463 807 foliisque
494 757 673 795 arborum
703 763 742 795 et
772 757 871 795 omni
900 757 1116 796 animalium
1145 769 1293 808 genere
1320 758 1436 798 vitam
1462 765 1538 799 tra-

156 812 315 860 henteS,
344 813 522 852 undecim
547 825 702 852 menses
734 813 976 852 obsidionem
1001 813 1277 853 toleraverunt.

226 914 229 916 ,
273 869 336 908 19.
394 868 551 920 Hispani
593 868 912 908 Consaburenses
955 870 1081 909 omnia
1119 870 1255 910 eadem
1292 871 1398 923 passi
1435 878 1537 922 sunt,

156 937 230 964 nec
261 925 444 976 oppidum
472 925 662 965 Hirtuleio
686 926 936 964 tradiderunt.

268 981 334 1020 20.
394 980 646 1032 Casilinates,
687 982 891 1021 obsidente
927 981 1164 1032 Hannibale,
1202 995 1428 1035 quamquam
1457 989 1537 1023 tan·

155 1044 230 1077 tam
270 1039 438 1090 inopiam
469 1040 649 1091 perpessi
679 1045 788 1088 sunt,
818 1045 858 1078 ut
891 1039 1065 1078 ducentis
1101 1039 1268 1078 denariis
1297 1052 1443 1080 murem
1469 1052 1536 1079 ve-

154 1096 258 1133 nisse
288 1094 479 1147 proditum
509 1096 557 1134 sit
589 1097 749 1147 eiusque
772 1095 1014 1134 venditorem
1041 1095 1142 1134 fame
1173 1096 1361 1147 periisse,
1388 1102 1537 1147 empto-

152 1164 235 1190 rem
271 1158 398 1190 autem
428 1153 596 1202 vixisse,
636 1152 749 1191 fidem
786 1157 912 1191 tamen
941 1163 1102 1191 servare
1130 1151 1311 1191 Romanis
1348 1163 1536 1203 perseve-

151 1214 346 1247 raverunt.
411 1245 419 1255 ,

270 1264 336 1304 21.
397 1263 578 1314 Cyzicum
601 1276 686 1303 cum
709 1263 952 1315 obpugnaret
971 1263 1231 1314 Mithridates,
1258 1265 1433 1316 captivos
1454 1265 1536 1311 eius

152 1321 257 1360 urbis
279 1321 460 1372 produxit
477 1321 722 1371 ostenditque
740 1320 936 1369 obsessis,
958 1320 1162 1359 arbitratus
1182 1319 1348 1359 futurum
1364 1326 1404 1360 ut
1420 1321 1535 1360 mise-

151 1379 302 1416 ratione
330 1389 485 1416 suorum
510 1377 767 1427 compelleret
794 1376 842 1414 ad
866 1376 1099 1415 deditionem
1121 1376 1351 1428 oppidanos.
1407 1376 1459 1416 At
1480 1377 1537 1416 illi

153 1433 346 1472 cohortati
375 1433 422 1472 ad
448 1433 665 1484 patiendam
686 1432 839 1471 fortiter
859 1438 1020 1471 mortem
1050 1434 1248 1484 captivos,
1277 1446 1437 1473 servare
1457 1432 1534 1472 Ro·

151 1491 272 1528 manis
303 1489 417 1528 fidem
447 1494 812 1541 perseveraverunt.

265 1545 332 1584 22.
391 1546 679 1596 Segovienses,
712 1557 796 1584 cum
827 1556 848 1583 a
872 1544 1046 1583 Viriatho
1069 1545 1114 1583 iis
1144 1544 1258 1583 liberi
1287 1550 1326 1582 et
1347 1546 1534 1595 coniuges

154 1602 430 1652 caederentur,
454 1607 783 1654 praeoptaverunt
805 1607 984 1652 spectare
1011 1601 1203 1653 supplicia
1222 1601 1426 1653 pignorum
1446 1612 1534 1639 suo-

152 1672 256 1709 rum,
291 1671 402 1710 quam
435 1659 481 1698 ab
512 1658 693 1697 Romanis
724 1658 908 1697 deficere.

266 1715 332 1755 23.
392 1715 631 1764 Numantini,
669 1727 717 1753 ne
754 1727 797 1753 se
837 1714 1046 1764 dederent,
1083 1713 1184 1753 fame
1224 1713 1321 1752 mori
1350 1712 1534 1765 praefixis

153 1771 301 1811 foribus
333 1772 510 1811 domuum
535 1784 688 1811 suarum
720 1771 947 1810 maluerunt.

695 1881 724 1921 C
738 1882 772 1921 A
782 1882 810 1921 P
820 1882 854 1921 U
863 1881 892 1921 T
922 1882 957 1920 V
966 1881 997 1921 I.

450 1970 512 2000 DE
540 1953 757 2000 ADFECTU
784 1970 843 2000 ET
875 1968 1230 2001 MODERATIONE.

270 2050 305 2086 1.
365 2048 411 2096 Q.
437 2048 577 2088 Fabius
606 2049 763 2100 Rullus,
792 2051 969 2089 hortante
1000 2049 1105 2099 filio,
1136 2055 1177 2088 ut
1205 2050 1332 2089 locum
1353 2049 1531 2088 idoneum

154 2116 362 2158 paucorum
399 2105 544 2144 iactura
575 2113 755 2157 caperet,
786 2106 929 2156 Visne,
961 2107 1106 2157 inquit,
1144 2112 1183 2145 tu
1213 2118 1264 2145 ex
1291 2105 1366 2144 illis
1388 2105 1530 2156 ,paucis

154 2175 244 2202 esse
264 2159 282 2200 ⁶?

267 2217 306 2257 2.
354 2216 595 2268 Xenophon,
632 2229 716 2255 cum
758 2230 859 2269 equo
899 2218 1107 2256 veheretur
1143 2222 1183 2255 et
1217 2214 1368 2267 pedites
1402 2216 1529 2266 iugum

153 2274 345 2326 quoddam
381 2285 574 2325 occupare
603 2274 780 2312 iussisset
819 2286 991 2325 unusque
1031 2286 1080 2312 ex
1116 2273 1172 2311 eis
1209 2270 1530 2310 obmurmurando

153 2331 321 2380 diceret,
363 2330 479 2370 facile
509 2341 597 2368 esse
628 2335 700 2368 tam
732 2330 927 2368 laboriosa
957 2329 1154 2368 sedentem
1183 2327 1398 2379 imperare,
1428 2327 1528 2367 desi·
