1566 2496
152 145 205 184 64
585 154 683 188 sax.
715 156 830 187 1UL11
861 156 1085 188 FRON'rm1

689 259 885 300 CAPUT
923 260 991 301 IV.

282 346 370 376 PER
402 347 524 385 QUAE
554 347 729 379 HosTEs
759 349 823 378 AD
854 348 1054 381 INOPIAM
1082 349 1399 381 REDIGANTUR.

264 428 299 467 1.
346 428 487 468 Fabius
504 428 713 480 Maximus,
735 432 895 470 vastatis
915 430 1194 484 Campanorum
1212 433 1330 484 agris,
1360 444 1409 471 ne
1438 432 1528 484 quid

149 485 205 524 eis
236 485 283 524 ad
314 485 490 524 fiduciam
519 485 731 526 obsidionis
755 494 1003 539 superesset,
1036 490 1201 528 recessit
1229 490 1413 528 sementis
1433 495 1527 528 tem-

147 554 266 593 pore,
295 548 335 580 ut
357 542 586 580 frumentum
614 544 717 594 quod
745 544 934 596 reliquum
961 544 1154 584 habebant
1181 547 1218 584 in
1243 546 1414 584 sationes
1437 557 1527 585 con-

146 598 314 642 ferrent;
339 610 521 637 reversus
547 599 687 638 deinde
717 607 848 640 renata
876 602 1065 652 protrivit.

260 654 297 694 2.
355 654 571 704 Antigonus
604 655 789 696 adversus
827 656 1087 696 Athenienses
1118 657 1220 697 idem
1255 657 1369 707 fecit,
1413 663 1451 696 et
1480 657 1527 697 ad

144 712 283 751 famem
312 711 479 750 redactis
509 713 650 763 potitus
683 719 755 752 est.

260 768 296 807 3.
353 767 581 818 Dionysius,
609 769 735 808 multis
756 769 915 808 urbibus
947 770 1095 821 captis,
1129 781 1212 809 cum
1232 769 1432 821 Rheginos
1461 770 1524 809 ad-

143 823 255 875 gredi
282 824 425 874 vellet,
467 825 530 876 qui
562 826 687 875 copiis
716 826 979 874 abundabant,
1011 826 1163 865 simulat
1192 838 1327 878 pacem
1351 827 1526 878 petitque

144 880 192 920 ab
225 881 304 930 eis,
340 887 380 919 ut
410 887 643 919 commeatus
675 883 863 921 exercitui
894 883 1014 933 ipsius
1045 881 1395 922 subministrarent:
1423 883 1527 934 quod

145 950 229 976 cum
260 938 551 988 impetrassent,
584 938 772 977 exhausto
804 939 1081 990 oppidanorum
1104 939 1293 978 frumento
1318 939 1527 990 adgressus

143 993 276 1032 urbem
306 994 494 1032 alimentis
525 994 744 1033 destitutam
773 996 983 1046 superavit.

256 1050 294 1088 4.
351 1049 456 1088 Idem
496 1055 533 1088 et
563 1050 749 1090 adversus
775 1051 1002 1090 Himeraeos
1034 1051 1177 1090 fecisse
1206 1051 1355 1090 dicitur.

257 1108 296 1146 5.
351 1106 595 1156 Alexander,
642 1106 932 1159 obpugnaturus
974 1106 1202 1146 Leucadiam
1250 1107 1526 1146 commeatibus

143 1163 396 1202 abundantem
410 1193 419 1210 ,
448 1164 555 1214 prius
572 1164 733 1203 castella
751 1177 848 1216 quae
866 1165 902 1202 in
922 1164 1087 1203 confinio
1106 1169 1213 1202 erant
1229 1164 1346 1215 cepit,
1373 1175 1524 1203 omnes-

143 1232 219 1271 que
242 1232 291 1258 ex
313 1220 371 1258 his
397 1219 625 1258 Leucadiam
647 1233 785 1271 passus
809 1226 867 1259 est
890 1220 1125 1270 confugere,
1157 1225 1197 1258 ut
1227 1219 1405 1259 alimenta
1426 1221 1525 1259 inter

142 1276 282 1314 multos
314 1276 482 1315 celerius
508 1275 810 1315 absumerentur.

256 1333 294 1372 6.
350 1332 521 1370 Phalaris
543 1331 841 1382 Agrigentinus,
875 1344 958 1371 cum
982 1331 1171 1384 quaedam
1201 1331 1289 1371 loca
1316 1333 1523 1371 munitione

143 1395 223 1427 tuta
257 1390 293 1426 in
323 1387 454 1427 Sicilia
485 1387 747 1438 obpugnaret,
785 1388 961 1426 simulato
991 1388 1153 1427 foedere
1183 1388 1394 1438 frumenta,
1427 1401 1524 1440 quae

142 1444 297 1483 residua
335 1456 378 1483 se
418 1443 563 1481 habere
595 1444 769 1493 dicebat,
803 1444 902 1496 apud
933 1455 1003 1482 eos
1034 1444 1236 1496 deposuit:
1269 1445 1406 1484 deinde
1438 1445 1524 1484 data

144 1512 286 1552 opera,
318 1507 357 1539 ut
387 1505 577 1538 tectorum
608 1512 806 1550 camerae,
840 1502 876 1539 in
907 1500 1043 1551 quibus
1075 1500 1113 1539 id
1145 1500 1437 1551 conferebatur,
1463 1513 1523 1539 re-

144 1559 293 1596 scissae
325 1556 489 1608 pluviam
526 1557 767 1607 reciperent,
810 1557 946 1596 liducia
989 1556 1131 1595 conditi
1170 1563 1404 1595 commeatus
1435 1569 1524 1608 pro-

142 1615 227 1665 prio
247 1614 374 1652 tritico
398 1612 539 1651 abusos
559 1613 683 1665 primo
709 1614 815 1653 initio
837 1613 994 1653 aestatis
1016 1612 1241 1663 adgressus,
1274 1613 1403 1665 inopia
1421 1624 1524 1652 com·

143 1670 240 1722 pulit
261 1671 307 1709 ad
325 1670 568 1709 deditionem.

699 1781 894 1822 CAPUT
926 1783 972 1823 V.
995 1798 998 1800 ’

201 1870 567 1909 QUEMADMODUM
608 1870 997 1913 PERSUADEATUR,
1035 1869 1324 1901 OBSIDIONEM
1358 1848 1467 1901 ῚΧΡΕΗ-
1527 1909 1529 1912 ¹

704 1927 972 1958 MANSURAM.

261 2007 295 2044 1.
354 2005 566 2044 Clearchus
588 2005 935 2056 Lacedaemonius,
962 2007 1204 2059 exploratum
1234 2006 1380 2047 habens
1405 2004 1521 2044 Thra-

146 2076 212 2103 cas
235 2063 358 2101 omnia
382 2063 497 2100 victui
526 2064 747 2101 necessaria
777 2064 812 2101 in
834 2070 982 2102 montes
1010 2070 1298 2116 comportasse,
1328 2073 1399 2100 una
1428 2072 1522 2111 quo-

146 2132 221 2171 que
261 2130 332 2170 spe
371 2119 598 2167 sustentari,
634 2131 710 2169 quo
749 2120 955 2158 crederent
1000 2132 1086 2159 eum
1123 2124 1355 2159 commeatus
1393 2117 1523 2168 inopia

145 2186 412 2223 recessurum,
453 2186 524 2225 per
552 2174 589 2212 id
627 2181 799 2226 tempus,
839 2176 941 2226 quod
975 2175 1128 2226 legatos
1163 2186 1294 2214 eorum
1337 2179 1521 2212 venturos

147 2232 397 2284 opinabatur,
427 2230 593 2281 aliquem
615 2243 663 2268 ex
687 2232 848 2282 captivis
874 2233 910 2270 in
939 2237 1151 2283 conspectu
1177 2231 1286 2269 iussit
1310 2229 1452 2279 occidi,
1483 2241 1504 2268 e

146 2288 382 2327 membratim
416 2293 603 2337 tamquam
630 2286 798 2325 alimenti
830 2299 943 2326 causa
975 2288 1011 2325 in
1041 2285 1288 2325 contubernia
1319 2285 1508 2324 distribuit

147 2345 332 2394 Thraces,
365 2343 455 2382 nihil
482 2354 556 2381 non
579 2342 764 2381 facturum
788 2344 1103 2393 perseverantiae
1121 2354 1236 2381 causa
1259 2355 1343 2381 eum
1362 2341 1521 2381 creden·
