1566 2496
142 140 195 181 82
579 148 679 180 SEX.
711 148 827 179 1UL11
858 147 1083 178 monum

255 252 362 292 Idem
384 258 539 292 senatus
553 281 564 301 ,
587 264 672 292 cum
692 252 855 303 turpiter
879 251 1000 302 fugati
1022 250 1194 291 consulis
1210 249 1362 289 milites
1377 255 1523 299 essent,

144 310 342 359 decrevit,
378 322 426 348 ne
458 308 598 348 auxilia
637 310 673 349 ei
711 308 1047 359 submitterentur,
1085 307 1166 347 nisi>
1189 306 1314 360 captis
1345 312 1384 346 et
1410 307 1525 346 victis

143 364 332 405 hostibus.

255 421 321 460 25.
382 421 450 461 Eis
481 421 722 472 legionibus,
754 433 854 473 quae
879 422 1024 461 Punico
1053 420 1160 460 bello
1185 420 1355 459 militiam
1373 419 1524 459 detrac-

142 485 337 529 taverant,
373 479 411 517 in
451 478 622 518 Siciliam
655 478 842 528 relegatis
874 491 947 530 per
987 483 1139 530 septem
1178 487 1297 516 annos
1338 475 1524 517 hordeum

143 549 192 574 ex
223 541 377 574 senatus
409 534 586 574 consulto
613 535 741 574 datum
766 541 838 573 est.

255 591 322 632 26.
380 591 421 630 L.
448 591 536 630 Piso
564 592 700 631 consul
723 589 768 630 C.
792 591 929 630 Titium
948 589 1190 642 praefectum
1213 589 1399 638 cohortis,
1421 588 1526 639 quod

142 649 232 687 loco
262 647 434 699 fugitivis
466 654 663 698 cesserat,
695 648 820 687 cinctu
852 654 968 698 togae
988 648 1193 698 praeciso,
1223 645 1350 685 soluta
1380 646 1524 693 tunica,

141 704 251 743 nudis
284 703 446 757 pedibus
477 705 515 742 in
540 705 739 756 principiis
769 704 939 756 quotidie
971 709 1097 753 stare,
1129 704 1215 743 dum
1245 702 1388 752 vigiles
1418 700 1525 740 veni-

141 767 248 811 rent,
279 761 389 800 iussit
415 762 682 813 conviviisque
713 766 752 799 et
779 760 921 799 balneo
954 759 1164 799 abstinere.

256 816 322 858 27.
381 817 489 856 Sulla
521 818 721 856 cohortem
761 823 799 856 et
827 818 1097 866 centuriones,
1137 826 1298 868 quorum
1323 813 1526 853 stationem

142 874 265 912 hostis
305 879 557 925 perruperat,
595 874 736 924 gladiis
776 873 914 925 aptatis
950 878 989 912 et
1026 872 1235 912 discinctos
1271 875 1450 923 perstare
1489 870 1526 908 in

141 930 343 982 principiis
376 931 498 968 iussit.

257 985 325 1026 28.
385 986 576 1025 Domitius
607 985 779 1025 Corbulo
815 987 853 1025 iu
880 986 1063 1025 Armenia
1089 984 1256 1024 Aemilio
1286 982 1388 1023 Rufo
1413 993 1526 1034 prae-

141 1043 248 1081 fecto
288 1043 479 1094 equitum,
518 1044 606 1095 quia
640 1042 817 1082 hostibus
856 1049 1032 1083 cesserat
1069 1048 1108 1081 et
1135 1053 1269 1094 parum
1305 1040 1526 1079 instructam

142 1100 257 1138 armis
278 1099 376 1138 alam
398 1098 588 1149 habebat,
618 1101 846 1139 vestimenta
876 1112 948 1152 per
970 1099 1146 1138 lictorem
1167 1097 1281 1137 scidit
1307 1095 1526 1145 eidemque,

142 1161 182 1194 ut
214 1162 317 1206 erat,
347 1156 504 1194 foedato
534 1155 664 1195 habitu
703 1162 880 1207 perstare
911 1157 949 1195 in
989 1155 1208 1210 principiiS,
1238 1154 1364 1193 donec
1402 1151 1525 1190 mitte-

142 1218 273 1262 retur,
305 1212 520 1264 imperavit.

259 1279 326 1322 29.
382 1279 521 1319 Atilius
541 1280 739 1331 Regulus,
766 1291 850 1320 cum
877 1292 926 1318 ex
942 1279 1097 1318 Samnio
1124 1276 1172 1316 ad
1187 1276 1388 1315 Luceriam
1405 1280 1527 1313 trans-

143 1336 376 1386 grederetur
413 1338 687 1387 exercitusque
725 1338 806 1375 eius
843 1336 968 1374 obviis
1006 1333 1181 1373 hostibus
1212 1344 1374 1372 aversus
1405 1335 1526 1379 esset,

145 1393 325 1444 obposita
360 1392 521 1430 cohorte
552 1393 662 1431 iussit
687 1393 877 1443 fugientes
908 1403 980 1443 pro
1009 1389 1277 1430 desertoribus
1309 1387 1432 1428 caedi.

259 1459 324 1498 30.
383 1457 496 1498 Cotta
534 1460 670 1498 consul
709 1461 746 1498 in
778 1459 908 1498 Sicilia
939 1459 977 1496 in
1007 1457 1228 1505 Valerium,
1264 1454 1434 1494 nobilem
1463 1453 1526 1492 tri-

145 1516 284 1554 bunum
311 1515 470 1553 militum
501 1527 550 1554 ex
580 1522 696 1566 gente
725 1515 905 1565 Valeria,
938 1514 1058 1565 virgis
1087 1512 1367 1552 animadvertit.

260 1582 325 1622 31.
393 1582 497 1621 Idem
539 1583 581 1622 P.
615 1582 812 1622 Aurelium
852 1582 1038 1633 sanguine
1075 1579 1149 1619 sibi
1187 1580 1376 1628 iunctum,
1413 1588 1528 1629 quem

148 1639 338 1678 obsidioni
371 1638 615 1690 Lipararum,
654 1641 738 1691 ipse
778 1639 825 1680 ad
861 1638 1033 1690 auspicia
1070 1630 1284 1688 repetenda
1309 1633 1527 1673 Messanam

147 1696 396 1744 transiturus,
428 1695 696 1746 praefecerat,
726 1708 808 1734 cum
832 1707 955 1746 agger
981 1695 1163 1732 incensus
1193 1697 1231 1731 et
1261 1698 1375 1743 capta
1402 1695 1528 1730 eastra

148 1757 304 1801 essent,
334 1752 454 1802 virgis
483 1764 638 1791 caesum
670 1754 707 1790 in
733 1765 927 1791 numerum
953 1749 1168 1802 gregalium
1190 1747 1359 1800 peditum
1388 1745 1528 1786 referri

149 1814 186 1846 et
217 1807 437 1846 muneribus
468 1808 573 1859 fungi
605 1810 725 1846 iussit.

263 1875 328 1914 32.
383 1875 540 1914 Fulvius
567 1874 732 1914 Flaccus
759 1887 899 1914 censor
920 1874 1095 1913 Fulvium
1115 1873 1273 1912 fratrem
1295 1882 1416 1919 suum,
1439 1869 1527 1921 quia

148 1932 367 1981 legionem,
408 1933 445 1970 in
482 1943 555 1982 qua
581 1931 751 1970 tribunus
780 1932 937 1970 militum
967 1936 1070 1979 erat,
1103 1929 1247 1968 iniussu
1274 1926 1444 1968 consulis
1473 1925 1539 1967 dir

149 1989 327 2037 miserat,
361 1994 495 2027 senatu
519 1989 650 2026 movit.

261 2054 327 2094 33.
390 2054 439 2092 Μ.
469 2051 564 2092 Cato
594 2055 640 2093 ab
672 2055 811 2094 hostili'
833 2055 970 2104 litore,
1002 2055 1039 2094 in
1069 2065 1144 2105 quo
1176 2065 1248 2104 per
1266 2051 1411 2101 aliquot
1441 2046 1525 2085 dies

150 2116 365 2160 manserat,
400 2123 483 2148 eum
512 2117 571 2148 ter
600 2112 688 2150 dato
710 2112 964 2163 profectionis
995 2112 1105 2161 signo
1137 2109 1304 2148 classem
1326 2103 1525 2152 solvisset,

153 2175 191 2207 et
220 2167 381 2207 relictus
420 2179 441 2204 e
478 2166 659 2205 militibus
698 2167 849 2218 quidam
885 2181 906 2207 a
941 2174 1044 2206 terra
1084 2166 1185 2205 edita
1212 2174 1312 2202 voce
1347 2166 1386 2198 et
1414 2164 1527 2210 gestu

153 2223 432 2275 expostularet,
451 2224 502 2261 uti
526 2223 740 2273 tolleretur,
765 2225 995 2262 circumacta
1015 2222 1061 2262 ad
1082 2222 1169 2261 litus
1185 2219 1364 2258 universa
1384 2215 1526 2263 classe,

154 2279 473 2331 comprehensum
503 2279 694 2331 supplicio
724 2280 836 2319 adfici
865 2280 974 2318 iussit
1005 2284 1063 2327 et,
1101 2287 1214 2328 quem
1253 2273 1420 2313 occisuri
1456 2282 1528 2323 per

154 2337 397 2388 ignominiam
427 2335 560 2376 hostes
591 2335 760 2386 fuerant,
793 2335 973 2387 exemplo
1007 2333 1136 2387 potius
1162 2329 1356 2384 impendit.
