1566 2496
146 119 225 159 116
587 127 687 158 SEX.
720 128 836 160 1UL11
867 129 1091 161 FRONTINI

141 243 356 270 mensuram
396 231 480 281 egi,
519 244 618 282 quae
649 232 768 271 efficit
795 233 987 284 quinarias
1017 243 1052 272 ΙΙ
1081 233 1183 272 milia
1208 242 1312 273 DIV:
1352 235 1530 287 amplius,

144 300 256 339 quam
288 288 324 326 in
352 289 656 338 commentariis,
697 290 880 340 quinariis
910 298 1116 329 MDCCLII.
1176 288 1360 330 Omnibus
1389 292 1529 343 adpro-

142 344 248 383 batio
289 350 420 383 nostra
461 345 750 396 expeditissima
790 352 871 384 est:
921 352 1060 397 erogat
1100 347 1199 386 enim
1236 358 1393 398 omnes,
1434 359 1530 399 quas

143 413 321 439 mensura
351 400 695 452 deprehendimus,
729 402 766 441 id
797 409 856 441 est
886 412 919 441 11
946 403 1048 442 milia
1076 412 1172 442 DIV.

260 458 326 496 71.
386 457 601 497 Alsietinae
632 460 899 510 conceptionis
927 459 1063 498 modus
1092 471 1166 499 nec
1187 460 1224 498 in
1247 460 1531 499 commentariis

145 514 363 565 adscriptus
407 520 489 563 est,
536 527 610 553 nec
653 516 689 553 in
726 528 768 554 re
808 516 1005 567 praesenti
1037 522 1166 555 certus
1195 517 1356 555 inveniri
1387 516 1528 567 potuit;

145 583 229 609 cum
266 583 315 609 ex
353 570 438 609 lacu
469 570 662 610 Alsietino
698 578 735 610 et
769 571 906 611 deinde
940 573 1041 611 circa
1075 570 1233 612 Careias
1264 585 1314 612 ex
1345 572 1530 612 Sabatino

144 627 331 679 accipiat,
374 633 552 678 quantum
592 628 739 679 aquarii
779 634 1104 680 temperaverunt.
1167 628 1355 668 Alsietina
1393 634 1531 680 erogat

144 685 336 736 quinarias
366 692 560 722 CCCXCII.

260 739 325 780 72.
388 739 569 788 Claudia,
602 740 855 779 abundantior
887 740 994 790 aliis,
1026 741 1192 780 maxime
1220 741 1380 780 iniuriae
1409 752 1531 792 expo·

149 797 222 835 sita
247 802 318 835 est.
379 796 420 835 In
449 797 731 835 commentariis
762 796 878 835 habet
902 809 979 836 non
1009 797 1097 849 plus
1118 798 1300 849 quinariis
1320 806 1356 836 11
1379 796 1530 836 milibus

143 861 346 897 DCCCLV;
379 865 464 891 cum
490 852 538 891 ad
569 859 684 904 caput
713 854 923 892 invenerim
949 854 1142 906 quinarias
1172 863 1221 893 1V
1250 853 1352 893 milia
1380 862 1529 893 DCVII:

145 909 331 961 amplius,
364 921 476 960 quam
505 909 543 948 in
575 911 880 959 commentariis,
909 919 1117 950 MDCCLII.
1178 909 1289 950 Adeo
1317 916 1444 950 autem
1461 922 1530 949 no-

145 972 224 1005 stra
264 967 409 1004 certior
449 971 508 1004 est
545 978 744 1015 mensura,
784 972 823 1004 ut
862 967 908 1006 ad
947 976 1014 1006 VII
1049 966 1098 1005 ab
1133 966 1230 1005 urbe
1265 966 1464 1006 miliarium
1493 967 1531 1005 in

146 1023 316 1074 piscina,
351 1022 415 1060 ubi
445 1021 678 1061 indubitatae
703 1034 907 1061 mensurae
937 1030 1044 1072 sunt,
1076 1023 1311 1062 inveniamus
1337 1023 1531 1076 quinarias

144 1088 197 1118 ΙΙΙ
233 1078 335 1117 milia
372 1086 545 1117 CCCXH:
587 1079 694 1129 plus,
738 1091 849 1129 quain
884 1081 921 1118 in
956 1081 1260 1129 commentariis,
1299 1087 1529 1120 CCCCLVII:

146 1136 318 1186 quamvis
353 1141 392 1174 et
421 1147 471 1174 ex
499 1135 700 1174 beneficiis
729 1142 816 1174 ante
846 1137 1029 1187 piscinam
1061 1142 1223 1187 eroget,
1261 1142 1301 1175 et
1329 1136 1530 1188 plurimum

146 1191 318 1230 subtrahi
354 1191 748 1242 deprehenderimus,
792 1192 960 1244 ideoque
990 1194 1111 1232 minus
1143 1193 1376 1242 inveniatur,
1418 1203 1530 1244 quarn

145 1261 189 1287 re
221 1259 314 1287 vera
343 1260 432 1286 esse
461 1247 624 1297 debeat,
657 1249 839 1299 quinariis
867 1257 1064 1289 MCCXCV.
1126 1248 1238 1288 Circa
1266 1250 1531 1300 erogationem

145 1311 270 1344 autem
302 1304 407 1342 fraus
438 1304 620 1355 adparet,
653 1316 752 1356 quae
782 1317 909 1356 neque
939 1306 985 1344 ad
1015 1307 1374 1345 commentariorum
1403 1305 1530 1354 fidem,

144 1373 273 1412 neque
305 1361 352 1399 ad
381 1372 471 1406 eas,
509 1372 604 1411 quas
636 1361 683 1398 ad
717 1367 830 1410 caput
859 1362 1029 1410 egimus,
1068 1374 1288 1410 mensuraS,
1324 1373 1452 1412 neque
1483 1362 1531 1401 ad

144 1417 231 1455 illas
259 1416 395 1454 saltem
425 1416 473 1454 ad
506 1417 712 1466 piscinam,
741 1416 892 1455 scilicet
923 1423 1011 1468 post
1041 1423 1097 1456 tot
1127 1418 1304 1466 iniurias,
1337 1419 1529 1457 convenit.

145 1473 264 1512 Solae
298 1472 396 1511 enim
427 1472 622 1522 quinariae
653 1480 810 1511 MDCCL
841 1479 1070 1523 erogantur:
1109 1475 1254 1522 minus,
1284 1485 1397 1525 quam
1427 1485 1530 1512 com·

145 1530 416 1568 mentatiorum
450 1529 547 1567 ratio
585 1528 671 1576 dat,
712 1529 892 1580 quinariis
925 1537 1038 1574 Mcv;
1078 1531 1200 1568 minus
1229 1535 1377 1579 autem,
1419 1541 1530 1581 quam

146 1597 350 1624 mensurae
385 1584 433 1623 ad
467 1589 581 1635 caput
610 1584 736 1623 factae
767 1584 1147 1635 demonstraverunt,
1189 1586 1371 1638 quinariis
1400 1595 1435 1625 Π
1464 1587 1530 1625 mi-

146 1642 247 1681 libus
282 1649 550 1683 DCCCCLV11;
594 1642 715 1679 minus
751 1643 884 1690 etiam,
929 1654 1040 1693 quam
1078 1644 1115 1681 in
1144 1643 1292 1693 piscina
1327 1643 1530 1692 invenitur,

147 1699 328 1749 quinariis
369 1707 552 1736 MDLXII.
611 1697 783 1748 Ideoque
822 1709 905 1736 cum
942 1699 1094 1738 sincera
1130 1699 1166 1737 in
1203 1698 1337 1738 urbem
1371 1696 1533 1751 propriu·

145 1756 229 1793 rivo
261 1754 504 1806 perveniret,
544 1754 581 1792 in
612 1753 709 1792 urbe
742 1754 975 1793 miscebatur
1004 1767 1088 1794 cum
1118 1754 1269 1794 Anione
1298 1754 1434 1805 Novo,
1476 1761 1530 1804 ut,

148 1811 376 1850 confusione
409 1810 533 1858 facta,
575 1816 613 1848 et
653 1812 859 1861 conceptio
891 1822 1020 1849 earum
1054 1818 1092 1850 et
1121 1812 1296 1862 erogatio
1327 1818 1432 1851 esset
1462 1811 1530 1851 ob-

147 1867 310 1905 scurior.
373 1866 484 1914 Quod
515 1867 545 1904 si
579 1867 641 1917 qui
672 1879 731 1905 me
762 1867 861 1905 forte
893 1867 1183 1918 adquisitionum
1214 1869 1402 1907 mensuris
1425 1868 1530 1908 blan-

146 1923 218 1961 diri
262 1929 415 1973 putant,
463 1922 689 1960 admonendi
731 1929 841 1972 sunt,
894 1924 992 1962 adeo
1033 1922 1200 1964 Curtium
1244 1930 1283 1964 et
1326 1923 1529 1964 Caerulum

146 1979 275 2017 fontes
301 1990 424 2029 aquae
446 1977 631 2016 Claudiae
662 1979 844 2018 sufficere
865 1979 911 2018 ad
938 1981 1189 2031 praestandas
1210 1980 1338 2020 ductui
1358 1991 1429 2019 suo
1449 1981 1529 2031 qui-

147 2036 296 2083 narias,
336 2046 430 2085 quas
457 2034 696 2083 significavi,
735 2045 782 2074 1v
811 2036 911 2074 milia
942 2045 1091 2086 Dcvn,
1133 2043 1173 2075 ut
1201 2043 1402 2088 praeterea
1431 2044 1528 2074 MDC

148 2091 400 2130 effundantur.
461 2089 542 2128 Nec
569 2102 616 2128 eo
639 2091 805 2141 inficias,
839 2093 928 2143 quin
950 2104 1017 2142 ea,
1049 2105 1147 2144 quae
1168 2092 1426 2143 superfluunt,
1453 2103 1528 2130 non

148 2149 222 2186 sint
241 2148 399 2198 proprie
421 2146 553 2184 horum
575 2147 754 2186 sontium:
787 2149 987 2199 capiuntur
1006 2151 1104 2188 enim
1127 2162 1175 2188 ex
1192 2148 1386 2198 Augusta,
1418 2160 1529 2199 quam

149 2205 338 2242 inventam
381 2204 416 2240 in
453 2201 620 2241 Marciae
660 2204 989 2255 supplementum,
1037 2205 1122 2243 dum
1163 2204 1227 2244 illa
1266 2215 1339 2241 non
1370 2205 1527 2255 indiget.

148 2260 356 2298 adiecimus
383 2257 551 2298 fontibus
580 2257 785 2309 Claudiae,
818 2261 989 2311 quamvis
1016 2272 1063 2299 ne
1089 2261 1197 2299 huius
1219 2260 1371 2310 quidem
1394 2261 1529 2300 ductus

149 2328 297 2354 omnem
328 2327 462 2366 aquam
494 2314 669 2364 recipiat.
