1566 2496
103 144 155 183 36
551 153 650 184 sax.
681 124 796 184 115'1211
827 153 1052 184 monum

219 257 283 296 20.
344 257 498 296 Paullus
537 257 725 296 adversus
750 256 897 296 Persen
925 256 1179 297 Macedonum
1206 255 1366 309 regem,
1406 269 1490 298 cum

103 315 136 352 is
169 313 399 365 phalangem
435 325 589 352 suorum
627 313 819 368 duplicem
847 314 1010 353 mediam
1039 315 1078 354 in
1105 320 1255 367 partem
1285 315 1492 354 direxisset

105 382 267 422 eamque
300 371 376 410 levi
406 376 595 409 armatura
626 371 811 409 cinxisset
843 377 882 409 et
911 371 1079 422 equitem
1107 373 1146 410 in
1175 377 1340 424 utroque
1371 383 1490 411 cornu

105 427 377 476 conlocasset,
410 427 602 478 triplicem
633 427 755 465 aciem
787 427 919 466 cuneis
946 428 1144 475 instruxit,
1172 428 1272 466 inter
1297 439 1395 479 quos
1423 441 1489 467 ve-

103 484 192 522 lites
223 484 385 523 subinde
423 484 560 522 emisit.
622 482 708 531 Quo
736 495 882 534 genere
913 495 997 522 cum
1028 484 1227 536 profligari
1259 484 1352 523 nihil
1383 485 1490 524 vide-

102 547 181 589 ret,
215 541 358 580 cedere
388 540 566 589 instituit,
599 546 639 578 ut
669 539 741 578 hac
764 540 1005 594 simulatione
1030 540 1264 592 perduceret
1287 540 1423 580 hostes
1452 540 1490 579 in
1534 547 1544 587 ζ

103 597 336 648 confragosa
357 597 465 645 loca,
497 608 596 647 quae
619 609 668 635 ex
693 596 876 635 industria
902 603 1138 648 captaverat.
1200 596 1294 636 Cum
1317 599 1373 636 sic
1395 609 1489 649 quo-

102 666 200 705 que,
243 659 425 705 suspecta
470 653 681 691 ealliditate
725 651 1010 703 recedentium,
1052 654 1226 693 ordinata
1258 660 1490 704 sequeretur

101 709 290 760 phalanx,
321 710 471 761 equites
501 721 522 748 a
548 709 702 747 sinistro
733 721 852 748 cornu
882 715 1039 761 praeter
1060 721 1127 748 ora
1153 710 1354 761 phalangis
1379 712 1488 749 iussit

100 773 368 805 transcurrere
390 767 514 804 citatis
536 766 646 816 equis
675 771 806 815 actos,
838 771 879 804 ut
909 765 1074 805 obiectis
1099 767 1212 804 armis
1234 767 1320 818 ipso
1344 767 1487 818 impetu

100 823 411 875 praefi-ingerent
436 822 602 860 hostium
631 822 802 873 spicula:
836 823 912 873 quo
941 834 1091 872 genere
1116 822 1280 861 telorum
1303 825 1487 862 exarmati

98 878 334 918 Macedones
363 879 563 917 solverunt
594 880 716 917 aciem
748 884 785 917 et
810 884 922 929 terga
951 885 1163 917 verterunt.

213 935 278 974 21.
339 935 507 984 Pyrrhus
537 946 609 986 pro
637 934 874 984 Tarentinis,
904 934 1004 986 apud
1034 935 1240 985 Asculum,
1277 935 1487 974 seeundum
1544 983 1546 986 Α

98 991 344 1030 Homericum
362 1003 516 1030 versum
539 1003 615 1042 quo
643 992 802 1042 pessimi
822 992 859 1029 in
874 991 1040 1030 medium
1061 993 1320 1044 recipiuntur,
1347 992 1485 1031 dextro

99 1060 218 1087 cornu
249 1049 436 1087 Samnitas
467 1047 748 1099 Epirotasque,
781 1048 936 1086 sinistro
966 1047 1137 1087 Bruttios
1165 1054 1282 1100 atque
1309 1047 1486 1087 Lucanos

53 1135 59 1140 .
99 1117 182 1143 cum
215 1105 458 1153 Sallentinis,
495 1105 531 1142 in
562 1105 686 1143 media
725 1105 809 1143 acie
839 1103 1068 1143 Tarentinos
1096 1105 1337 1153 conlocavit,
1376 1105 1484 1155 equi-

96 1168 213 1200 tatum
236 1168 275 1200 et
302 1161 531 1212 elephantos
555 1162 591 1199 in
621 1160 802 1206 subsidiis
828 1173 917 1199 esse
937 1162 1060 1199 iussit.
1121 1159 1263 1199 Contra
1286 1160 1483 1208 consules,

97 1219 295 1270 aptissime
325 1218 459 1257 divisis
488 1219 525 1255 in
555 1229 698 1256 cornua
729 1217 940 1268 equitibus,
971 1217 1150 1267 legiones
1180 1218 1218 1255 in
1248 1217 1369 1267 prima
1399 1217 1484 1255 acie

97 1281 136 1313 et
162 1275 198 1312 in
228 1274 408 1313 subsidiis
440 1274 667 1312 locaverunt
706 1279 744 1312 et
775 1274 820 1311 iis
854 1274 1138 1311 immiscuerunt
1168 1273 1321 1312 auxilia.
1382 1272 1484 1321 Qua·
1536 1279 1538 1284 ⁴

97 1331 272 1381 draginta
310 1330 412 1368 milia
448 1331 637 1380 utrimque
667 1329 788 1367 fuisse
819 1334 981 1367 constat.
1041 1328 1177 1377 Pyrrhi
1207 1329 1359 1368 dimidia
1392 1324 1483 1381 pars

96 1388 292 1425 exercitus
309 1386 447 1424 amissa
460 1415 469 1431 ,
499 1386 599 1436 apud
619 1385 813 1423 Romanos
839 1386 1005 1436 quinque
1025 1385 1127 1424 milia
1147 1385 1365 1425 desiderata
1382 1391 1481 1423 sunt.

209 1442 275 1481 22.
337 1441 405 1480 Cn.
437 1439 645 1493 Pompeius
676 1442 861 1480 adversus
901 1439 943 1479 C.
978 1440 1209 1491 Caesarem,
1250 1439 1481 1494 Palaephar-

95 1499 166 1537 sali
194 1499 386 1550 triplicem
409 1499 586 1536 instruxit
611 1499 755 1547 aciem,
786 1501 943 1548 quarum
969 1498 1146 1547 singulae
1171 1498 1294 1537 denos
1325 1499 1481 1538 ordines

94 1557 131 1594 in
157 1555 394 1594 latitudinem
422 1554 649 1594 habuerunt.
708 1553 901 1604 Legiones
924 1554 1134 1593 secundum
1152 1555 1330 1593 virtutem
1355 1555 1479 1594 cuius-

95 1624 169 1664 que
210 1612 442 1650 firmissimas
481 1611 518 1648 in
550 1610 731 1649 cornibus
766 1616 805 1649 et
845 1610 881 1648 in
919 1610 1046 1648 medio
1078 1610 1314 1655 conlocavit3
1356 1611 1480 1662 spatia

94 1669 153 1707 his
170 1668 396 1719 interposita
412 1667 599 1705 tironibus
616 1666 830 1718 subplevit:
853 1667 991 1706 dextro
1007 1666 1129 1705 latere
1146 1672 1358 1705 sexcentos
1373 1667 1479 1717 equi-

93 1731 153 1763 tes
176 1730 337 1776 propter
362 1724 501 1762 flumen
529 1723 701 1775 Enipea,
735 1723 798 1775 qui
826 1729 864 1762 et
889 1723 1002 1761 alveo
1029 1733 1100 1761 suo
1125 1729 1163 1762 et
1182 1718 1325 1762 alluvie
1347 1724 1478 1774 regio-

92 1793 177 1818 nem
209 1780 456 1832 impedierat:
496 1780 685 1830 reliquum
725 1781 933 1831 equitatum
972 1781 1010 1817 in
1048 1780 1205 1818 sinistro
1247 1790 1365 1818 cornu
1395 1790 1478 1818 cum

93 1837 245 1875 auxiliis
275 1835 448 1875 omnibus
479 1835 643 1883 locavit,
681 1842 722 1874 ut
762 1835 850 1874 inde
881 1835 1064 1874 Iulianum
1101 1836 1312 1874 exercitum
1343 1836 1478 1874 circui-

90 1899 163 1931 ret.
223 1893 424 1931 Adversus
454 1892 552 1930 hanc
573 1893 850 1931 ordinationem
875 1891 1021 1931 Caesar
1044 1898 1082 1930 et
1109 1893 1194 1943 ipse
1211 1891 1355 1943 triplici
1378 1892 1477 1939 acie,

90 1949 291 2000 dispositis
330 1950 366 1986 in
403 1948 531 1986 fronte
570 1948 810 1998 legionibus,
850 1949 1043 1987 sinistrum
1084 1948 1205 1997 latus,
1244 1946 1303 1986 ne'
1326 1947 1477 1987 circuiri

90 2011 252 2057 posset,
292 2004 460 2042 admovit
489 2004 714 2055 paludibus:
753 2006 790 2042 in
820 2005 958 2043 dextro
989 2016 1107 2043 cornu
1138 2005 1305 2055 equitem
1334 2003 1476 2055 posuit,

91 2062 151 2100 cui
173 2060 621 2100 velocissimos-miscuit
646 2060 813 2112 peditum
828 2091 839 2110 ,
869 2060 916 2099 ad
935 2058 1083 2099 morem
1104 2060 1299 2112 equestris
1323 2070 1476 2110 pugnae

91 2118 349 2156 exercitatos:
389 2128 460 2154 sex
491 2116 628 2154 deinde
669 2117 851 2155 cohortes
882 2118 919 2156 in
948 2117 1120 2156 subsidio
1150 2116 1303 2154 retinuit
1333 2115 1381 2154 ad
1411 2127 1476 2153 res

90 2173 255 2217 subitas;
286 2184 358 2211 sex
381 2172 518 2211 dextro
542 2172 664 2210 latere
688 2184 899 2212 conversas
919 2174 954 2211 in
981 2173 1191 2224 obliquum,
1213 2170 1313 2209 unde
1330 2172 1475 2222 equita-

89 2237 166 2269 tum
182 2230 347 2269 hostium
364 2228 639 2280 exspectabat,
659 2229 890 2267 conlocavit.
950 2228 1034 2269 Nec
1051 2228 1126 2267 ulla
1148 2239 1212 2266 res
1232 2238 1280 2266 eo
1306 2227 1368 2266 die
1387 2227 1475 2279 plus

88 2287 135 2325 ad
154 2287 356 2325 victoriam
375 2283 535 2323 Caesari
560 2284 740 2323 contulit:
767 2285 928 2323 effusum
951 2295 1115 2335 namque
1133 2283 1306 2335 Pompeii
1327 2284 1473 2335 equita-

88 2350 163 2381 tum
192 2343 387 2394 inopinato
426 2353 592 2380 excursu
625 2346 847 2379 averterunt
879 2339 1193 2390 caedendumque
1222 2340 1471 2379 tradiderunt·

228 2408 243 2427 Χ
