1566 2496
224 126 675 169 STRATEGEMATICON
705 127 855 167 LIB.‘1.
887 134 986 167 CAP.
1018 134 1182 165 v—VII.
1344 125 1394 165 17

20 247 138 295 eunte
165 238 405 282 autemtoto
437 241 586 291 agmine
606 239 841 279 lectissimos
874 250 1049 291 quosque
1078 237 1253 277 retinuit:
1284 243 1323 276 et
1341 239 1392 276 ita
1426 235 1434 239 ’

24 298 165 349 passim
192 298 295 336 circa
320 296 502 349 praedam
527 302 738 347 occupatos
768 295 926 344 hostes,
958 295 1031 333 iam
1051 295 1165 333 etiam
1193 293 1389 344 fatigatos,

22 354 110 406 ipse
127 354 312 405 requietis
329 358 368 392 et
385 353 568 392 ordinatis
585 353 663 391 suis
688 353 899 403 adgressus
920 351 1025 396 ῐιιᾱίι,
1035 351 1219 402 exuitque
1232 350 1390 402 praeda.

131 409 170 448 4.
206 408 291 448 Boii
316 410 352 448 in
371 408 468 448 silva
487 407 640 458 Litana,
672 420 745 460 qua
766 409 991 447 transiturus
1013 412 1096 446 erat
1123 411 1256 444 noster
1278 418 1390 444 exer-

21 465 141 515 citus,
168 465 411 504 succiderant
431 463 593 503 arbores
614 465 678 515 ita,
707 470 747 503 ut
774 476 824 503 ex
854 469 965 516 parte
989 463 1128 512 exigua
1155 468 1392 501 sustentatae

21 526 187 571 starent,
218 521 343 560 donec
371 520 679 572 impellerentur:
708 520 937 560 delituerant
957 518 1095 558 deinde
1115 519 1163 558 ad
1185 525 1391 557 extremas.

19 574 98 628 Ipsi
129 576 216 627 ubi,
252 578 429 628 ingresso
458 577 594 616 silvam
625 577 759 626 hoste,
799 578 835 615 in
869 576 1063 627 proximas
1091 574 1298 613 ulteriores
1326 575 1393 612 im·

21 632 221 684 pulerunt,
261 644 310 672 eo
339 633 454 672 modo
484 639 699 684 propagata
727 635 872 685 pariter
902 643 1019 684 supra
1047 631 1241 670 Romanos
1272 631 1393 680 ruina,

21 699 194 738 magnam
219 701 366 728 manum
396 688 593 727 eliserunt.

539 799 736 839 CAPUT
774 799 873 839 VII.

23 887 386 926 QUEMADMODUM
409 887 490 930 ΕΑ,
518 887 684 926 QUIBUS
711 887 982 928 DEFICIMUR,
1008 885 1279 918 VIDEANTUR
1299 885 1396 917 NON

239 943 414 974 DEESSE
423 967 435 986 7
455 944 547 974 AUT
567 943 676 974 USUS
698 942 858 973 EORUM
881 942 1170 973 EXPLEATUR.

138 1024 174 1061 1.
232 1021 273 1063 L.
298 1021 491 1061 Caecilius
516 1020 720 1072 Metellus,
749 1023 837 1074 quia
866 1034 936 1060 usu
961 1022 1125 1071 navium,
1153 1021 1290 1072 quibus
1316 1022 1396 1061 ele-

23 1077 186 1130 phantos
215 1083 519 1130 transportaret,
550 1077 815 1128 deficiebatur,
847 1078 966 1116 iunxit
986 1077 1088 1116 dolia
1111 1078 1398 1128 constravitque

22 1133 300 1184 tabulamentis,
326 1146 372 1173 ac
391 1147 510 1186 super
524 1146 570 1174 ea
584 1135 733 1186 positos
752 1146 821 1187 per
837 1134 1005 1173 Siculum
1026 1133 1164 1171 fretum
1179 1134 1397 1172 transmisit.

137 1183 175 1229 2.
219 1189 426 1240 Hannibal,
454 1202 537 1229 cum
558 1191 594 1229 in
617 1190 778 1242 praealti
803 1190 964 1229 fluminis
984 1190 1181 1228 transitum
1213 1189 1396 1240 elephan—

25 1252 86 1285 tos
114 1257 189 1285 non
225 1252 361 1298 posset
391 1246 653 1298 compellere,
689 1258 815 1298 neque
850 1246 1001 1285 navium
1038 1257 1111 1283 nec
1140 1246 1396 1294 materiarum,

26 1301 162 1354 quibus
189 1308 294 1342 rates
324 1304 644 1352 contexerentur,
684 1303 835 1353 copiam
866 1301 1050 1350 haberet,
1089 1302 1199 1340 iussit
1235 1301 1396 1340 ferocis-

24 1358 157 1396 simum
185 1358 429 1410 elephantum
457 1358 527 1397 sub
553 1371 645 1398 aure
673 1358 865 1397 vulnerari
895 1363 934 1396 et
964 1369 1076 1405 eum,
1106 1358 1169 1408 qui
1200 1357 1396 1396 vulneras-

25 1419 109 1463 set,
150 1415 350 1453 'transnato
388 1415 512 1454 statim
546 1415 698 1453 flumine
739 1426 986 1465 procurrere.
1059 1405 1396 1464 Elephantus'ex-

25 1475 229 1520 asperatus
266 1470 315 1509 ad
353 1471 662 1522 persequendum
694 1470 840 1510 doloris
870 1471 928 1508 sui
961 1474 1159 1508 auctorem
1189 1470 1399 1509 transnavit

26 1535 195 1575 amnem,
226 1531 265 1564 et
293 1526 454 1578 reliquis
479 1527 580 1565 idem
610 1526 774 1566 audendi
803 1526 895 1564 fecit
920 1525 1151 1576 exemplum.

137 1580 174 1622 3.
234 1579 602 1631 Carthaginiensium
646 1582 765 1621 duces
809 1582 1028 1619 instructuri
1075 1581 1263 1630 classem,
1310 1581 1397 1632 quia

28 1641 160 1685 sparto
197 1636 494 1687 deficiebantur,
542 1637 708 1676 crinibus
744 1643 939 1676 tonsarum
968 1636 1166 1675 mulierum
1204 1636 1251 1676 ad
1287 1637 1398 1676 funes

27 1689 257 1730 efficiendos
287 1693 346 1730 usi
376 1698 473 1731 sunt.

137 1746 177 1786 4.
235 1747 340 1786 Idem
368 1747 631 1786 Massilienses
657 1754 696 1786 et
724 1747 863 1786 Rhodii
891 1747 1082 1786 fecerunt.

139 1802 177 1839 5.
235 1800 285 1840 M.
313 1802 523 1853 Antonius,
553 1815 575 1842 a
604 1803 745 1842 Mutina
772 1803 980 1855 profugus,
1013 1804 1180 1842 cortices
1211 1815 1282 1856 pro
1311 1816 1396 1844 scu-

26 1856 76 1895 tis
104 1856 287 1896 militibus
316 1859 396 1896 suis
420 1856 537 1897 dedit.

139 1913 177 1952 6.
237 1913 426 1964 Spartaco
460 1915 662 1966 copiisque
699 1916 781 1954 eius
818 1920 927 1954 scuta
966 1927 1015 1954 ex
1049 1915 1188 1955 vimine
1227 1916 1394 1965 fuerunt,

27 1978 129 2018 quae
161 1969 277 2007 coriis
307 1968 549 2019 tegebantur.

140 2026 178 2064 7.
236 2023 322 2063 Non
350 2024 519 2075 alienus,
555 2031 595 2064 ut
627 2025 812 2077 arbitror,
846 2027 908 2066 hic
936 2027 1048 2067 locus
1080 2033 1162 2077 est,
1199 2027 1398 2066 referendi

27 2078 168 2118 factum
205 2079 415 2119 Alexandri
448 2079 670 2120 Macedonis
700 2081 793 2121 illud
823 2083 976 2133 nobile,
1012 2084 1098 2135 qui,
1136 2095 1208 2134 per
1242 2083 1398 2122 deserta

26 2134 185 2175 Africae
208 2137 343 2175 itinera
363 2137 589 2186 gravissima
611 2137 674 2175 siti
696 2149 779 2176 cum
803 2140 975 2178 exercitu
1003 2139 1200 2188 adfectus,
1232 2138 1399 2176 oblatam

28 2189 102 2229 sibi
134 2203 156 2230 a
184 2191 301 2230 milite
338 2192 376 2230 in
409 2192 523 2243 galea
561 2204 697 2245 aquam
730 2194 991 2245 spectantibus
1022 2195 1214 2233 universis
1243 2193 1397 2234 effudit:

27 2244 156 2339 uti¹lior
185 2248 366 2300 exemplo
399 2249 699 2301 temperantiae,
736 2261 848 2301 quam
887 2251 919 2290 si
950 2250 1230 2290 communicare
1268 2254 1399 2300 potum

25 2311 77 2339 vo
94 2308 226 2341 uisset.

84 2381 238 2408 mox-r.
272 2382 422 2412 sTRAr.
1121 2371 1144 2409 2
