1566 2496
621 143 839 177 Enl'roms
846 165 854 174 .
1366 141 1430 173 XV

46 257 155 307 ferre
181 255 411 295 ἀιώἄαεεεηι.
429 249 449 307 Η
469 252 729 296 deseruissent)
758 262 812 290 se.
834 251 1030 298 proelium.
1079 250 1231 297 „Wenn
1257 250 1313 286 sie
1341 260 1429 286 aus-

49 313 214 352 rissen.“
236 311 290 350 Ct'.
310 315 370 350 20.
405 305 425 363 Η
455 315 513 349 21.
533 319 615 346 cum
634 307 787 351 Paccio)
808 307 861 343 Ita
879 317 1015 343 nomen
1035 308 1207 344 scribitur
1226 307 1342 343 tribus
1363 305 1432 342 Ta·

51 370 115 408 citi
134 368 239 406 locis.
279 367 368 404 vid.
391 367 504 404 OreIl.
530 365 579 402 ad
596 364 731 401 AnnaI.
749 363 843 400 XIII.
864 366 923 402 36.
952 364 1066 400 Palat.
1088 363 1226 399 Micon.
1255 361 1433 399 SeriVerii

53 435 148 466 unus
167 423 311 462 Inicon.
346 423 448 460 Med.
469 426 623 468 uterque
645 419 778 456 Secum
793 431 830 456 a.
849 430 881 456 c.
898 420 1010 456 initio.
1056 418 1151 455 Oud.
1169 419 1290 466 magis
1313 419 1435 466 placet

50 492 133 519 cum
148 479 259 526 Iccio,
282 481 343 517 vel
364 484 446 517 cum
474 477 556 515 Itio.
599 477 764 513 Muretus
783 476 918 513 vultP.
933 476 1036 513 Attio.
1055 470 1074 528 Η
1094 478 1152 514 24.
1175 477 1212 511 in
1227 475 1436 521 Samnium)

51 537 168 574 Libri:
195 535 359 582 Servum,
390 535 575 580 Servium,
601 533 794 576 Sitrinum,
815 532 1002 575 Firmum.
1031 533 1226 569 Firmium.
1278 531 1437 569 Secutus

54 604 137 631 sum
159 591 338 630 Niebuhr.
360 591 468 629 Rom.
489 589 625 628 Gesch.
646 589 704 625 III.
723 600 763 636 p.
783 591 863 627 584.
890 583 908 641 Η
937 587 1040 625 Idem
1064 590 1231 633 senatus)
1266 587 1370 624 Idem
1389 587 1438 624 de

53 660 138 686 meo
158 649 311 695 inserui,
333 652 368 684 et
389 648 485 684 Intra
502 657 571 695 pro
591 647 669 683 eius
689 643 889 682 emendavi
910 645 1069 682 consulis
1100 645 1224 690 (cos.).
1270 645 1439 680 Alterum

56 709 284 752 strategema
313 704 478 741 distinxi.
521 703 634 740 Recte
668 712 729 737 me
757 701 914 746 secisse,
950 705 1157 748 coarguunt
1190 701 1301 736 etiam
1325 701 1442 736 verba

58 771 156 807 seq.=
186 770 232 796 nc
246 761 395 797 auxilia
419 761 454 796 ei
479 759 792 798 submitterentur3
825 767 910 793 narn
933 757 1118 794 Plutarch.
1154 757 1285 804 Pyrrh.
1312 768 1345 793 e.
1377 760 1441 795 18:

56 807 370 863 ἀναπληροῦντες
394 810 437 852 δὲ
461 805 530 859 τὰς
558 807 683 859 τάξεις
714 808 783 849 καὶ
813 807 1084 859 συντάττοντες
1124 808 1253 859 ἑτέρας
1287 803 1443 863 προθύ-

58 883 155 922 μως.
176 865 196 924 Η
213 874 274 910 25.
293 872 480 918 releyatis)
498 871 609 911 velut,
639 868 740 915 quod
759 869 920 915 additur,
942 869 1198 906 Medieeorum
1228 870 1444 907 auctoritate

60 928 200 964 delevi.
248 925 303 963 Ct'.
323 928 381 965 44.
402 920 422 979 Η
439 929 496 964 26.
523 925 667 970 consul)
689 935 710 960 e
731 926 919 961 nonnullis
939 926 1042 961 libris
1063 926 1219 962 restitui.
1243 919 1260 977 Η
1279 927 1337 963 27.
1363 926 1443 973 yla-

61 984 131 1020 aiis
156 984 309 1030 aptatis)
338 982 393 1019 CI.
420 982 484 1018 III.
512 984 547 1026 3,
575 983 610 1020 9.
631 981 712 1016 Liv.
741 978 892 1015 XXVII.
919 984 984 1019 13:
1013 981 1192 1018 destrictis
1211 982 1344 1028 qladizs
1369 981 1445 1019 dis-

60 1041 196 1076 cinctos
217 1038 382 1074 destitui.
400 1039 508 1081 ,Ante
536 1047 615 1073 me:
642 1037 818 1084 yaleatos.
840 1030 856 1087 Η
876 1039 932 1075 28.
952 1038 1167 1083 mitteretur)
1215 1037 1311 1073 Oud.
1333 1039 1445 1076 mitte-

61 1099 203 1132 rentur.
234 1087 253 1146 Η
278 1098 336 1133 29.
355 1094 408 1130 ad
430 1094 642 1138 Luceriam)
670 1097 710 1128 ut
737 1093 818 1128 Liv.
839 1092 886 1132 X.
910 1096 969 1131 35.
1013 1093 1110 1130 Oud.
1135 1094 1173 1128 in
1196 1093 1287 1129 Luc.
1310 1087 1328 1146 Η
1346 1090 1448 1133 33.ἀ

62 1152 182 1197 terra)
203 1151 277 1186 iam
297 1150 456 1186 restituit
477 1148 593 1190 Oud.;
616 1148 687 1184 sed
707 1159 727 1184 e
749 1159 844 1186 voce
865 1149 952 1192 alta,
985 1160 1080 1195 quae
1101 1153 1158 1186 est
1179 1150 1216 1185 in
1236 1151 1352 1198 vulg„
1383 1151 1448 1187 ad-

62 1207 134 1244 ieci
152 1199 296 1258 edita-fl
315 1209 372 1246 36.
391 1207 569 1254 quarum)
596 1205 701 1251 lego,
730 1215 797 1251 pro
826 1215 992 1252 quorum.
1014 1200 1032 1258 Η
1053 1209 1110 1244 38.
1140 1206 1362 1253 diripuerat)
1397 1208 1450 1244 Ita

64 1263 222 1301 casaub.
242 1262 381 1308 etalii,
402 1273 469 1309 pro
494 1261 671 1297 diruerat.
699 1254 717 1312 Η
746 1263 803 1298 39.
825 1261 1068 1307 caedendum)
1098 1273 1169 1309 ego
1194 1263 1346 1300 inserui.
1366 1258 1385 1316 Η
1404 1273 1451 1301 ne

60 1320 113 1356 ibi
127 1318 270 1367 quidem
297 1319 387 1364 etc.)
426 1317 521 1354 Oud.
545 1326 614 1353 nec
635 1316 685 1352 ibi
709 1317 851 1364 quidem
872 1319 1118 1355 remissionem
1144 1319 1314 1366 supplicii
1341 1322 1452 1366 prius

62 1376 204 1419 meruit,
230 1386 282 1411 sc.
302 1374 458 1410 Fabiusz
481 1383 576 1420 quae
597 1372 689 1408 ratio
711 1373 831 1409 turbat
852 1374 1038 1420 syntaxin.
1090 1374 1265 1411 Nonnuili
1286 1377 1369 1412 libri
1389 1386 1450 1412 re-

63 1432 184 1468 missio
213 1434 250 1466 et
275 1431 442 1486 remisso.
486 1430 599 1476 Vulg.
627 1429 778 1465 remisso
799 1431 911 1476 prius
942 1439 1027 1477 sup.
1055 1434 1164 1467 metu.
1211 1432 1318 1468 Haud
1340 1435 1450 1480 pauci

65 1496 111 1523 ne
130 1486 188 1523 ibi.
227 1486 314 1522 Vox
324 1487 436 1533 prius
454 1489 570 1521 mutat
589 1486 723 1522 locum.
765 1485 822 1520 Ex
842 1485 902 1522 his
923 1486 1058 1522 refinxi
1077 1488 1220 1531 locum,
1248 1493 1287 1524 ut
1310 1489 1450 1525 editum

66 1541 186 1579 vides.
227 1541 319 1587 „Die
339 1541 476 1578 Furcht
501 1541 611 1585 (aller
627 1541 911 1586 Anwesenden)
940 1552 1010 1578 vor
1031 1542 1098 1578 der
1118 1543 1362 1593 Hinriehtung
1382 1545 1450 1583 des

66 1596 201 1634 Fabius
219 1597 310 1634 liess
331 1597 432 1633 nicht
451 1597 571 1641 nach,
591 1597 688 1633 bis.“
728 1597 808 1633 Liv.
830 1597 926 1632 VIII.
950 1601 1016 1635 35:
1045 1598 1210 1636 liberavit
1236 1611 1346 1638 onere
1364 1612 1451 1638 con·

67 1662 197 1689 sensus
215 1655 344 1700 populi
364 1653 540 1697 Romani,
570 1653 622 1688 ad
640 1661 774 1699 preces
796 1656 830 1688 et
852 1653 1116 1690 obtestationem
1137 1665 1288 1702 versus,
1320 1661 1361 1693 ut
1386 1658 1454 1694 sibi

62 1717 223 1755 poenam
237 1709 280 1751 (i.
301 1719 334 1744 e.
356 1709 596 1755 supplieIum)
614 1709 781 1755 mayistri
797 1709 951 1756 equitum
967 1709 1122 1747 dictator
1135 1714 1341 1749 remitteret.
1381 1715 1450 1751 Pro

69 1767 164 1799 metu
195 1764 371 1800 coniicias
395 1765 552 1800 minatu:
586 1768 740 1810 utraque
769 1774 843 1800 vox
873 1771 1101 1811 permutatur
1137 1768 1174 1803 in
1209 1769 1311 1805 libris
1341 1771 1451 1806 etiam

71 1829 156 1866 cap.
190 1820 223 1857 7.
253 1822 313 1857 39.
352 1819 542 1866 Royarent
565 1819 589 1854 i.
620 1830 654 1855 e.
674 1819 837 1856 Ffirbiue
866 1821 1063 1870 einlegten.
1125 1823 1318 1862 Romanus
1342 1826 1450 1873 (Ro.)

71 1874 210 1912 excidit
228 1879 379 1921 propter
398 1875 538 1910 initium
559 1884 638 1920 seq.
659 1879 844 1922 rogarent.

184 1930 273 1976 Cap.
293 1930 337 1966 II.
364 1933 398 1967 l.
419 1935 460 1966 ut
479 1931 570 1975 non)
591 1930 643 1966 Ita
662 1930 839 1976 Petrens.‚
865 1943 940 1967 non
959 1943 1019 1969 ne.
1054 1928 1071 1986 Η
1106 1938 1140 1972 2.
1170 1937 1345 1973 minorem
1371 1940 1449 1985 qui-

71 1987 164 2030 dem,
185 1986 267 2030 sed)
288 1986 340 2022 lta
359 1987 525 2023 Petrens.
561 1986 685 2033 Vulgo
706 1997 779 2022 om.
799 1987 875 2024 sed.
897 1983 915 2040 Η
934 1992 1180 2037 corrections)
1199 1977 1350 2030 p‘lurimi
1371 2004 1452 2031 cer·

71 2044 185 2080 tiens.
243 2042 304 2077 At.
336 2043 508 2083 acrioris,
538 2042 755 2087 acerbioris,
791 2047 1004 2082 σοι-ενοῖοήε.
1059 2047 1158 2083 Infra
1188 2052 1228 2086 3:
1262 2049 1453 2097 disciplina

73 2100 251 2136 correcta.
274 2093 291 2150 Η
309 2102 344 2135 5.
367 2098 502 2145 Cyrus)
524 2096 655 2133 Totum
676 2100 883 2145 exemplum
905 2101 1131 2138 eiiciendum
1151 2114 1237 2140 esse
1257 2105 1415 2141 videtur.

186 2152 275 2200 Cap.
299 2154 357 2190 III.
377 2157 412 2191 4.
438 2163 506 2189 nec
525 2155 588 2199 ea)
615 2163 683 2200 pro
712 2164 759 2190 ne
784 2164 828 2190 ea
859 2167 907 2192 ex
924 2156 1021 2194 Edd.
1048 2169 1105 2204 pr.
1129 2164 1165 2195 et
1190 2171 1281 2196 mss.
1306 2161 1451 2198 duobus

73 2210 228 2246 restitui.
256 2204 275 2261 Η
300 2213 333 2248 6.
354 2213 479 2257 praet.
502 2211 677 2255 stoream)
699 2209 751 2245 Ita
771 2210 923 2257 Graev.‚
944 2213 1105 2252 Gronov.
1128 2219 1163 2251 et
1182 2216 1292 2253 Voss.
1334 2215 1453 2253 Libri':

71 2269 287 2311 praetor-ea,
310 2266 512 2312 praeterito
542 2274 629 2309 rea,
655 2268 856 2312 praeterito
884 2273 991 2306 reatu
1017 2275 1086 2306 ete.
1122 2265 1140 2322 Η
1173 2281 1324 2307 aeneum
1344 2252 1450 2318 veris)

74 2320 223 2357 PlurImi
254 2321 335 2358 libri
361 2323 507 2358 unicum
537 2330 639 2357 veru.
682 2322 792 2369 Vulg.
819 2323 974 2360 ahenum
1002 2330 1037 2362 et
1063 2328 1222 2362 unicum.
1267 2328 1450 2366 Plutarch.
