1566 2496
119 146 197 185 124
563 157 662 189 SEX,
689 159 804 190 IULII
833 160 1057 192 FRONTINI

115 261 324 312 praediave
353 261 562 312 haberent,
592 262 703 302 binos
728 264 966 315 praeficere,
998 277 1157 316 quorum
1185 264 1369 305 arbitratu
1401 277 1498 317 aqua
1558 290 1566 293 -

114 320 149 357 in
178 317 334 370 publico
360 318 506 358 saliret.

227 375 293 415 98.
355 375 500 414 Primus
530 374 581 414 M.
607 374 784 427 Agrippa
814 382 903 428 post
936 377 1193 428 aedilitatem,
1233 389 1344 430 quam
1374 378 1498 428 gessit

114 432 350 482 consularis,
385 443 546 483 operum
576 443 730 471 suorum
760 440 798 472 et
828 446 1022 472 munerum
1053 434 1159 473 velut
1191 440 1402 486 perpetuus
1433 446 1496 473 cu-

114 495 218 528 rator
249 489 339 530 fuit:
381 489 445 540 qui
475 489 547 527 iam
578 489 690 540 copia
721 491 966 540 permittente
995 490 1224 542 descripsit,
1263 491 1353 542 quid
1379 502 1496 543 aqua·
1563 484 1566 513 :

114 558 193 584 rum
231 545 399 597 publicis
437 545 641 596 operibus,
685 546 775 597 quid
812 546 982 596 lacibus,
1022 546 1111 598 quid
1138 548 1297 602 privatis
1325 547 1521 593 daretur„

112 601 250 641 Habuit
277 608 315 640 et
344 601 523 641 familiam
554 604 771 653 propriam,
811 615 994 654 aquarum
1025 615 1125 655 quae
1157 609 1330 642 tueretur
1359 603 1496 642 ductus

113 665 228 710 atque
255 658 416 697 castella
447 664 485 697 et
515 657 635 697 lacus.
696 658 803 698 Hanc
828 659 1024 710 Augustus
1045 659 1262 699 hereditate
1283 659 1330 698 ab
1351 670 1400 698 eo
1424 659 1495 698 sibi

110 715 282 754 relictam
309 714 531 767 publicavit.

223 771 289 811 99.
349 770 441 809 Post
462 783 569 821 eum,
603 770 648 819 Q.
666 770 780 809 Aelio
803 770 1031 822 Tuberone,
1054 771 1174 811 Paulo
1190 770 1311 811 Fabio
1328 770 1495 810 Maximo

112 827 354 874 consulibus,
386 828 423 865 in
453 839 517 876 re,
549 839 648 879 quae
678 840 801 879 usque
830 828 867 865 in
895 828 934 868 id
962 833 1138 880 tempus,
1169 830 1278 880 quasi
1299 833 1494 879 potestate

111 891 216 933 acta,
263 890 371 923 certo
407 885 489 922 iure
529 885 655 934 eguit,
699 890 856 923 senatus
898 884 1073 923 consulta
1106 884 1208 937 facta
1237 890 1324 924 sunt
1352 896 1399 924 ac
1428 884 1493 923 lex

110 941 366 993 promulgata.
427 940 625 991 Augustus
664 951 820 992 quoque
859 941 987 980 edicto
1027 938 1254 993 complexus
1292 947 1373 990 est,
1415 951 1492 992 quo

109 1001 192 1037 iure
221 1002 441 1046 uterentur,
474 997 537 1049 qui
560 1010 609 1035 ex
630 998 911 1036 commentariis
930 997 1130 1049 Agrippae
1151 1009 1271 1049 aquas
1291 996 1492 1046 haberent,

110 1061 189 1094 tota
222 1066 266 1092 re
297 1055 333 1091 in
366 1065 432 1092 sua
463 1053 653 1093 beneficia
683 1053 880 1093 translata.
939 1053 1119 1094 Modulos
1149 1055 1286 1103 etiam,
1328 1053 1376 1092 de
1411 1053 1492 1105 qui-

108 1111 181 1150 bus
212 1110 353 1149 dictum
384 1115 464 1159 est,
498 1110 717 1159 constituit,
750 1116 788 1148 et
811 1111 869 1149 rei
891 1110 1147 1150 continendae
1167 1110 1492 1161 exercendaeque

109 1173 325 1207 curatorem
366 1166 461 1205 fecit
494 1165 698 1205 Messalam
730 1165 958 1216 Corvinum,
999 1167 1060 1206 cui
1089 1167 1286 1206 adiutores
1314 1166 1390 1205 dati
1419 1165 1492 1205 Po·

110 1225 267 1263 stumius
295 1223 489 1274 Sulpicius
515 1224 733 1274 praetorius
759 1230 798 1262 et
817 1223 857 1262 L.
879 1222 1073 1263 Cominius
1097 1224 1298 1275 pedarius:
1329 1222 1492 1273 insignia

110 1283 165 1320 eis
197 1281 306 1332 quasi
340 1279 625 1329 magistratibus
656 1291 866 1329 concessa,
898 1280 1026 1332 deque
1059 1291 1193 1318 eorum
1218 1279 1350 1319 officio
1380 1290 1491 1318 sena-

109 1344 167 1376 tus
201 1336 416 1375 consultum
446 1336 609 1385 factum,
646 1335 748 1386 quod
774 1336 870 1374 infra
901 1337 1085 1387 scriptum
1116 1342 1188 1374 est.

223 1393 316 1431 100.
378 1400 504 1438 QUOD
550 1400 593 1438 Q.
629 1399 796 1430 AELIUS
842 1401 1052 1443 TUBERO,
1102 1399 1279 1430 PAULUS
1322 1398 1488 1429 FABIUS

108 1456 319 1489 MAXIMUS
351 1456 470 1487 COSS*
507 1457 548 1486 V.
575 1456 617 1486 E.
646 1456 708 1485 DE
738 1455 821 1499 IIS⁷
854 1456 934 1495 QUI
963 1455 1232 1488 CURATORES
1263 1455 1489 1494 AQUARUM

107 1512 407 1544 PUBLICARUM
428 1513 490 1542 EX
513 1511 751 1543 CONSENSU
772 1512 976 1543 SENATUS
997 1513 1027 1543 A
1048 1512 1255 1543 CAESARE
1275 1510 1488 1542 AUGUSTO

107 1570 339 1601 NOMINATI
355 1569 549 1611 ESSENT,
575 1568 887 1612 0RD1NAND1S,
908 1568 1340 1608 D.E.R.Q.F.P.D.E.
1351 1568 1394 1598 R.
1406 1567 1436 1597 1.
1447 1565 1486 1598 c.

107 1626 318 1657 PLACERE
345 1625 455 1656 HUIC
486 1625 672 1667 ORDINI,
703 1625 812 1668 Eos,
844 1625 923 1664 QUI
951 1625 1088 1664 AQUIS
1117 1624 1327 1656 PUBLICIS
1351 1623 1489 1654 PRAE-

106 1683 302 1725 ESSENT,
345 1682 439 1712 CUM
475 1681 578 1712 EIUS
611 1681 697 1713 ‚REI
733 1681 878 1713 CAUSA
915 1681 1070 1712 EXTRA
1107 1681 1266 1712 URBEM
1300 1680 1489 1723 ESSENT,

105 1739 332 1770 LICTORES
371 1738 509 1769 BINOS
547 1738 606 1768 ET
643 1738 815 1768 SERVOS
845 1737 1069 1769 PUBLICOS
1099 1737 1300 1780 TEREOS,
1329 1735 1490 1767 ARCHI-

106 1795 283 1826 TECTOS
315 1794 540 1826 SINGULOS
571 1794 630 1824 ΕΤ
662 1794 851 1825 SCRIBAS
876 1795 934 1824 ΕΤ
955 1793 1224 1837 LIBRARIOS,
1255 1792 1488 1824 ACCENSOS

105 1851 472 1889 PRAECONESQUE
515 1850 729 1880 TOTIDEM
771 1852 983 1893 HABERE,
1038 1850 1162 1889 QUOT
1206 1849 1395 1880 HABENT
1437 1850 1486 1891 Π,

105 1908 194 1938 PER
234 1907 352 1945 QUOS
383 1907 670 1937 FRUMENTUM
700 1908 869 1938 PLEBEI
897 1908 1083 1937 DATUR:
1130 1906 1224 1937 CUM
1253 1906 1411 1937 AUTEM
1439 1906 1489 1936 IN

105 1964 227 1995 URBE
266 1963 474 1993 EIUSDEM
509 1962 587 1993 REI
627 1962 774 1994 CAUSA
809 1964 1004 2002 ALIQUID
1034 1963 1263 2005 AGERENT,
1295 1960 1487 1993 CETERIS

84 2019 482 2052 *ADPARITORIBUS
535 2018 698 2050 IISDEM
720 2041 731 2062 ,
792 2020 1139 2058 PRAETERQUAM
1198 2015 1486 2058 LIOTORIBUS‚

105 2077 198 2108 UTI.
258 2076 451 2117 UTIQUE,
497 2075 663 2113 QUIBUS
705 2076 1081 2107 ADPARITORIBUS
1124 2076 1187 2105 Ex
1228 2074 1323 2106 Hoc
1367 2073 1403 2104 S.
1443 2071 1482 2103 c.

107 2131 429 2164 CURATORIBUS
447 2131 671 2169 AQUARUM
694 2132 773 2161 UTI
796 2131 1009 2176 LICERET,
1030 2131 1118 2163 EOS
1137 2129 1304 2161 DIEBUS
1324 2128 1485 2159 DECEM

105 2188 353 2230 PROXIMIS,
393 2186 558 2225 QUIBUS
591 2187 626 2217 S.
656 2187 695 2218 C.
724 2188 912 2218 FACTUM
941 2187 1104 2230 ESSET,
1147 2187 1211 2217 AD
1242 2185 1485 2216 AERARIUM

104 2245 405 2287 DEFERRENT3
433 2243 604 2281 QUIQUE
624 2243 702 2273 ITA
723 2244 899 2275 DELATI
918 2243 1109 2286 ESSEXT,
1135 2242 1193 2273 IIS
1213 2241 1484 2272 PRAETORES

105 2302 295 2332 AERARII
333 2299 589 2331 MERCEDEM
620 2299 828 2342 CIBARIA,
867 2300 1055 2339 QUANTA
1090 2297 1349 2329 PRAEFECTI
1379 2298 1486 2328 FRU-

104 2357 264 2389 MENTO
322 2355 485 2387 DANDO
531 2352 663 2386 'DARE
716 2356 1025 2395 DEEERREQUE
1067 2353 1247 2386 SOLENT
1264 2376 1275 2397 ,
1327 2354 1485 2386 ANNUA

1558 1769 1566 1815 ἒ
