1566 2496
119 135 172 175 52
510 134 515 138 '
566 143 665 175 sax.
697 143 815 173 1UL11
841 141 1073 174 FRoN'rnu

235 249 271 286 7.
332 246 581 287 Hannibalem
607 248 825 286 venientem
855 248 892 286 in
917 245 1077 286 Italiam
1105 245 1176 285 tria
1204 246 1306 286 milia
1327 243 1511 298 Carpeta-

120 316 254 343 norum
283 304 541 355 reliquerunt:
582 316 679 356 quos
716 304 807 354 ille,
851 302 1036 355 exemplo
1075 315 1124 342 ne
1155 308 1194 342 et
1223 303 1345 342 ceteri
1374 314 1505 342 move-

119 367 272 410 rentur,
303 361 422 400 edixit
450 360 497 399 ab
529 373 571 399 se
602 372 692 399 esse
724 361 927 410 dimissos,
959 365 998 399 et
1030 359 1189 411 insuper
1217 360 1254 398 iu
1285 359 1397 398 fidem
1425 360 1509 398 eius

122 418 178 456 rei
215 429 361 469 paucos
393 418 613 457 levissimae
647 429 795 469 operae
826 417 963 456 domos
990 416 1149 454 remisit.

233 474 272 514 8.
332 474 374 514 L.
405 473 609 523 Lucullus,
651 486 735 512 cum
770 473 1105 513 animadvertisset
1134 470 1371 510 Macedonas
1401 472 1507 522 equi-

120 537 203 580 tes,
249 542 347 582 quos
387 531 424 569 in
463 530 605 569 auxilio
643 530 834 580 habebat,
876 529 1002 580 subito
1044 540 1238 567 consensu
1277 527 1323 567 ad
1357 527 1507 567 hostem

118 587 388 639 transfugere,
416 587 524 637 signa
561 599 702 626 canere
730 587 840 626 iussit
868 593 906 625 et
936 591 1099 634 turmas,
1131 596 1231 635 quae
1263 596 1335 636 eos
1365 596 1505 635 seque-

118 650 270 693 rentur,
309 644 472 682 immisit.
533 643 686 693 Hostis,
727 644 910 682 committi
943 641 1133 694 proelium
1167 646 1296 691 ratuS,
1339 640 1503 679 transfu-
1555 655 1557 658 ⁴

116 701 269 750 gientes
287 700 375 740 telis
397 701 565 751 excepit.
626 699 886 749 Macedones,
919 711 1002 737 cum
1027 697 1204 736 viderent
1229 709 1356 749 neque
1381 697 1503 747 recipi

117 769 161 795 se
185 756 233 795 ab
259 756 492 796 adversariis
519 762 557 795 et
588 757 709 808 premi
737 756 784 794 ab
805 757 875 806 iis,
909 766 1007 807 quos
1039 752 1294 803 deserebant,
1321 764 1503 792 necessa-

117 814 174 851 rio
205 813 252 852 ad
284 814 421 852 iustum
451 812 642 864 proelium
673 813 853 851 conversi
882 811 1035 850 hostem
1064 811 1298 848 invaserunt.

230 869 269 908 9.
328 869 511 908 Datames
543 868 620 908 dux
651 869 854 908 Persarum
891 868 1080 907 adversus
1109 865 1428 917 Autophradaten
1465 866 1502 904 in

117 924 390 977 Cappadocia,
429 938 513 964 cum
552 932 701 977 partem
732 926 900 976 equitum
938 935 1093 963 suorum
1122 918 1368 973 transfugere
1398 933 1516 961 com--

115 983 306 1033 perisset,
344 987 500 1021 ceteros
542 993 676 1020 omnes
709 982 842 1020 venire
879 993 1011 1019 secum
1048 979 1179 1023 iussit;
1217 979 1501 1031 adsecutuflque

115 1038 333 1090 transfugas
379 1038 646 1088 conlaudavit,
685 1038 789 1090 quod
835 1050 920 1076 eum
958 1036 1139 1075 alacriter
1174 1036 1499 1087 praecessissent,

115 1095 366 1147 hortatusque
405 1101 465 1134 est
503 1106 573 1134 eos
613 1095 748 1143 etiam,
788 1100 828 1133 ut
865 1094 1018 1132 fortiter
1057 1092 1209 1131 hostem
1241 1091 1496 1130 adorirentur.

114 1151 242 1189 Pudor
262 1151 469 1202 transfugis
493 1151 627 1190 adtulit
645 1151 944 1203 poenitentiam,
974 1155 1012 1188 et
1035 1148 1234 1187 consilium
1259 1160 1378 1197 suum,
1411 1148 1497 1199 quia

112 1219 188 1246 non
217 1208 400 1259 putabant
430 1208 737 1259 deprehensum,
766 1211 1019 1245 mutaverunt.

229 1265 292 1305 10.
354 1264 397 1303 T.
439 1264 639 1313 Quinctius
677 1263 916 1314 Capitolinus
956 1260 1113 1310 consul,
1154 1259 1380 1298 cedentibus
1418 1258 1495 1298 Ro-

112 1322 254 1370 manis,
291 1321 494 1359 ementitus
523 1326 583 1359 est
614 1320 650 1357 in
678 1319 802 1358 altero
834 1330 954 1357 cornu
985 1317 1119 1355 hostes
1150 1316 1330 1367 fugatos,
1371 1322 1411 1355 et
1441 1316 1492 1355 ita

113 1377 345 1415 confirmatis
376 1377 454 1414 suis
480 1377 679 1414 victoriam
707 1375 848 1413 retulit.

226 1434 289 1471 11.
348 1431 398 1470 M.
435 1431 576 1470 Fabius
616 1428 802 1470 adversus
846 1428 1059 1478 Etruscos,
1101 1428 1302 1466 vulnerato
1339 1426 1493 1477 collega

109 1488 272 1537 Manlio,
313 1489 376 1539 qui
405 1489 597 1527 sinistrum
628 1499 746 1526 cornu
781 1486 968 1534 ducebat,
1006 1491 1044 1523 et
1073 1483 1122 1522 ob
1150 1484 1187 1522 id
1217 1489 1327 1535 parte
1353 1494 1398 1520 ea
1428 1495 1491 1520 ce-

109 1545 248 1593 dente,
287 1556 372 1584 cum
409 1546 521 1583 etiam
553 1545 723 1583 occisum
749 1542 954 1582 crederent
985 1540 1203 1589 consulem,
1244 1551 1328 1577 cum
1360 1539 1491 1576 turmis

110 1602 278 1652 equiturn
310 1602 502 1650 occurrit,
536 1600 733 1639 clamitans
764 1605 802 1638 et
827 1598 1020 1649 collegam
1048 1597 1180 1635 vivere
1211 1602 1249 1634 et
1278 1607 1322 1634 se
1353 1594 1491 1633 dextro

110 1670 228 1697 cornu
250 1658 406 1696 vicisse.
445 1656 528 1705 Qua
548 1657 760 1695 constantia
776 1654 1046 1705 redintegratis
1065 1653 1196 1692 animis
1214 1663 1368 1703 suorum
1385 1651 1489 1690 vicit.

225 1713 287 1752 12.
349 1713 489 1752 Marius
519 1713 705 1752 adversus
730 1711 906 1751 Cimbros
934 1716 972 1749 et
1001 1709 1222 1758 Teutonos,
1254 1720 1338 1747 cum
1367 1713 1489 1746 meta-

108 1776 215 1809 tores
247 1770 330 1809 eius'
361 1782 432 1821 per
461 1769 752 1820 imprudentiam
790 1769 839 1807 ita
874 1767 1010 1806 castris
1041 1766 1167 1805 locum
1201 1765 1418 1816 cepissent,
1450 1769 1490 1802 ut

107 1826 177 1864 sub
209 1832 403 1877 potestate
434 1825 685 1864 barbarorum
714 1830 820 1864 esset
844 1836 963 1875 aqua,
996 1821 1253 1873 flagitantibus
1284 1833 1367 1859 eam
1393 1820 1487 1867 suis,

107 1883 226 1932 digito
260 1884 409 1921 hostem
440 1881 673 1930 ostendens,
714 1881 847 1929 Illinc,
888 1881 1027 1931 inquit,
1067 1878 1234 1929 petenda
1271 1882 1342 1915 est.
1402 1876 1488 1924 Quo

106 1939 285 1977 instinctu
314 1938 520 1977 adsecutus
550 1943 629 1986 est,
663 1943 701 1975 ut
734 1943 918 1988 protenus
948 1934 1101 1974 barbari
1132 1934 1373 1973 tollerentur.

222 1994 285 2033 13.
348 1994 391 2032 T.
421 1993 610 2032 Labienus
638 1999 726 2044 post
753 1992 1010 2032 Pharsalicam
1041 2002 1228 2042 pugnam,
1262 2001 1345 2028 cum
1374 1989 1486 2027 victis

105 2049 276 2103 partibus
307 2049 587 2098 Dyrrhachium
618 2049 851 2099 refugisset,
882 2048 1033 2086 miscuit
1063 2059 1156 2085 vera
1186 2046 1292 2085 falsis
1322 2050 1381 2092 et,
1411 2056 1487 2082 non

108 2106 235 2146 celato
267 2107 372 2144 exitu
408 2117 583 2157 pugnae,
624 2111 825 2156 aequatam
857 2105 1018 2156 partium
1048 2103 1236 2142 fortunam
1265 2101 1374 2150 gravi
1403 2100 1486 2139 vul-

104 2176 199 2202 nere
229 2161 409 2202 Caesaris
437 2161 562 2199 finxit:
596 2167 633 2199 et
661 2162 733 2200 hac
766 2161 1056 2200 adsimulatione
1086 2158 1258 2209 reliquiis
1285 2156 1486 2208 Pompeia-

104 2232 235 2259 narum
264 2219 425 2271 partium
456 2217 632 2255 fiduciam
662 2217 768 2256 fecit.

219 2276 282 2315 14.
343 2273 394 2313 Μ.
416 2272 533 2322 Cato,
567 2285 650 2312 cum
669 2273 912 2312 Ambraciam
941 2284 988 2312 eo
1017 2278 1218 2322 tempore,
1247 2280 1323 2320 quo
1352 2270 1484 2307 sociae

103 2345 219 2372 naves
263 2331 309 2371 ab
341 2330 494 2370 Aetolis
525 2328 863 2381 obpugnabantur,
902 2328 1123 2381 imprudens
1156 2336 1230 2363 uno
1261 2324 1389 2364 lembo
1419 2324 1483 2364 ad-
