1566 2496
246 133 695 166 STRATEGEUATICON
727 133 821 166 Lm.
837 133 887 165 11.
917 134 1019 165 cAP.
1037 134 1085 166 11.
1104 134 1171 165 111.
1349 125 1402 165 33

24 242 213 279 tractam.⁴
254 236 316 291 len,
348 236 556 288 cornibus,
595 237 733 291 quibus
767 239 854 290 ipse
888 237 1163 290 praevalebat,
1194 237 1405 277 infirmissi-

26 303 109 341 ma
126 292 297 342 boatium
326 300 459 346 partes
488 294 618 334 lunata
645 295 730 334 acie
761 294 970 345 adgressus
999 294 1116 333 facile
1145 293 1252 336 fudit.

45 349 194 402 zum-⁷
232 349 414 390 Metellus
437 351 476 389 in
494 349 699 403 Hispania,
730 362 779 390 eo
809 350 962 402 proelio
992 361 1072 402 quo
1089 350 1317 390 Hirtuleium
1337 349 1403 390 dc-

19 401 139 456 w,
176 412 259 446 cum
285 407 548 458 ,comperisset
576 407 758 446 cohortes
785 407 889 456 eius,
920 419 1020 458 quae
1051 406 1311 446 validissimae
1334 418 1404 446 vo-

8 458 231 513 cabantur,
261 464 298 502 in
324 463 449 502 media
479 464 564 502 acie
594 463 774 514 locatas„
790 465 875 514 ipse
906 463 1068 502 mediam
1096 475 1252 502 suorum
1281 463 1405 502 aciem

6 509 198 570 'Quin
227 531 277 558 ne
309 531 356 558 ea
389 525 497 570 parte
526 526 613 566 ante
644 531 729 558 cum
756 520 869 558 hoste
899 519 1152 570 confligeret,
1184 532 1297 571 quam
1317 531 1404 558 cor·

20 572 140 619 ω»
163 574 406 615 conflictatus
430 575 579 614 medios
608 576 774 627 undique
805 577 1134 616 circumvenisset.

30 627 36 632 ’
65 655 76 676 ;
136 630 176 670 6.
234 630 478 670 Artaxerxes
507 632 694 671 adversus
724 631 919 681 Graecos,
957 634 1023 684 qui
1050 632 1208 672 Persida
1238 633 1404 672 intrave-

24 691 132 735 rant,
167 697 252 726 cum
290 685 527 726 multitudine
564 688 791 739 superaret,
830 688 944 727 latius
989 700 1102 739 quam
1144 688 1280 728 hostes
1320 690 1406 727 acie

26 743 233 792 instructa,
261 744 299 782 in
320 743 448 782 fronte
478 746 646 795 equitem
666 744 871 796 levemque
901 751 1128 787 armaturam
1155 746 1192 783 in
1221 745 1404 784 cornibus

26 796 247 843 conlocavit
274 805 411 850 atque,
436 812 487 837 ex
515 800 696 838 industria
717 800 856 839 lentius
882 801 1122 852 procedente
1150 801 1277 841 media
1305 802 1405 851 acie,

32 855 167 906 copias
194 854 359 893 hostium
387 856 503 894 cinxit
531 856 763 906 ceciditque.
1332 901 1339 906 N

139 910 177 948 7.
238 909 381 950 Contra
406 910 593 950 Hannibal
632 911 679 950 ad
709 910 858 951 Cannas
892 912 1063 951 reductis
1102 913 1283 951 cornibus
1315 925 1404 964 pro-

28 963 219 1017 ductaque
257 966 381 1005 media
416 967 501 1005 acie
531 973 685 1006 nostros
718 969 839 1019 primo
868 969 1010 1019 impetu
1041 970 1240 1018 protrusit.
1298 969 1404 1008 Idem

28 1027 210 1061 conserto
246 1022 422 1073 proelio,
457 1023 653 1074 paullatim
690 1024 852 1065 invicem
890 1023 1126 1062 sinuantibus
1157 1025 1405 1076 procedenti-

29 1078 179 1129 busque
207 1078 255 1117 ad
288 1085 539 1130 praeceptum
575 1079 779 1129 cornibus,
811 1080 922 1119 avide
958 1082 1225 1131 insequentem
1255 1081 1406 1120 hostem

27 1135 65 1172 in
90 1134 254 1186 mediam
279 1135 402 1174 aciem
432 1147 537 1173 suam
562 1137 713 1187 recepit
740 1142 778 1174 et
807 1149 857 1174 ex
884 1142 1047 1188 utraque
1071 1144 1179 1188 parte
1208 1149 1405 1189 compres-

28 1201 110 1242 sum
139 1182 300 1239 cecidit,
333 1197 517 1229 veterano
540 1198 579 1230 et
607 1192 670 1231 diu
698 1192 839 1231 edocto
865 1205 953 1231 usus
981 1194 1177 1232 exercitu:
1199 1190 1280 1232 'hoc
1307 1195 1407 1232 enim

28 1243 152 1296 genus
176 1246 425 1285 ordinationis
454 1248 638 1299 exsequi,
669 1249 741 1287 nisi
770 1250 917 1300 peritus
947 1256 986 1290 et
1015 1249 1063 1288 ad
1093 1261 1205 1288 omne
1235 1261 1405 1288 momen-

26 1308 103 1340 tum
130 1302 372 1354 respondens
397 1303 531 1353 miles,
562 1305 627 1343 vix
652 1310 795 1355 potest.

141 1357 179 1408 8.
238 1358 365 1397 Livius
404 1359 597 1399 Salinator
631 1367 670 1399 et
700 1359 884 1400 Claudius
913 1361 1041 1410 Nero,
1075 1374 1159 1400 cum
1189 1361 1406 1400 Hasdrubal

27 1413 314 1454 belloPunico
349 1416 546 1464 secundo,
585 1416 808 1456 decertandi
846 1419 1122 1456 necessitatem
1157 1419 1327 1466 evitans,
1368 1420 1406 1456 in

23 1469 395 1521 colle-confragoso
422 1478 511 1523 post
539 1474 673 1511 vineas
702 1474 824 1512 aciem
855 1474 1084 1522 direxisset,
1116 1475 1215 1526 ipsi,
1241 1475 1405 1514 diductis

26 1525 66 1575 in
88 1525 208 1565 latera
237 1527 548 1576 viribus,⁴vacua
577 1529 703 1567 fronte
734 1541 783 1567 ex
813 1536 974 1580 utraque
1002 1537 1113 1582 parte
1143 1532 1405 1569 circumvene-

29 1586 115 1619 runt
140 1594 227 1621 eum
252 1588 366 1633 atque
397 1584 448 1622 ita
474 1584 649 1634 adgressi
673 1591 964 1635 superaverunt.

141 1637 181 1676 9.
219 1637 446 1687 Hannibal,
480 1651 563 1678 cum
589 1640 855 1691 frequentibus
881 1641 1041 1692 proeliis
1069 1653 1090 1679 a
1119 1640 1279 1681 Claudio
1305 1642 1406 1684 Mar-

29 1690 133 1729 cello
151 1700 420 1743 superaretur,
442 1697 649 1734 novissime
672 1697 728 1734 sic
752 1702 877 1735 castra
901 1697 1135 1745 metabatur,
1159 1705 1198 1737 nt
1218 1705 1280 1738 aut
1299 1710 1405 1737 mon-

29 1746 132 1785 tibus
144 1753 207 1785 aut
227 1748 429 1798 paludibus
459 1757 522 1788 aut
551 1751 661 1789 simili
684 1751 857 1791 locorum
880 1753 1007 1805 aliqua
1028 1757 1315 1804 opportunitate
1340 1755 1405 1793 ad-

30 1802 129 1840 iutus
147 1803 269 1844 aciem
285 1815 333 1842 eo
350 1805 464 1843 modo
486 1806 732 1855 conlocaret,
758 1814 818 1857 ut,
836 1809 1077 1848 vincentibus
1094 1811 1246 1861 quidem
1266 1811 1405 1850 Roma-

28 1858 110 1906 nis,
141 1869 266 1909 paene
295 1860 508 1899 indemnem
527 1863 705 1912 recipere
724 1870 860 1913 posset
885 1866 980 1904 intra
1004 1867 1232 1906 munimenta
1256 1867 1406 1906 exerci-

29 1918 128 1963 tum,
161 1914 387 1954 cedentibus
414 1923 561 1964 autem,
591 1919 752 1957 instandi
780 1919 942 1960 liberum
970 1922 1131 1961 haberet
1160 1923 1367 1962 arbitrium.

145 1970 209 2009 10.
269 1969 509 2023 Xanthippus
537 1972 862 2015 Lacedaemonius
900 1978 938 2015 in
974 1978 1106 2017 Africa
1137 1979 1323 2019 adversus
1353 1978 1404 2017 M.

0 2065 1 2068 Ἴ
27 2025 185 2064 Atilium
212 2026 403 2077 Regulum
433 2028 560 2068 levem
590 2037 816 2070 armaturam
845 2034 883 2071 in
913 2035 1032 2084 prima
1061 2036 1145 2073 acie
1171 2035 1404 2082 conlocavit,

29 2081 67 2119 in
95 2081 266 2121 subsidio
292 2089 418 2122 autem
446 2084 566 2123 robur
593 2087 809 2131 exercitus;
840 2092 1119 2142 praecepitque
1141 2091 1403 2135 auxiliaribus,

29 2142 81 2175 ut*
104 2134 281 2177 excussis
325 2140 414 2178 telis
446 2140 630 2183 cederent
667 2142 767 2181 hosti
807 2150 869 2193 et,
910 2158 995 2184 cum
1033 2159 1075 2185 se
1116 2149 1211 2186 intra
1251 2157 1406 2185 suorum

29 2192 184 2232 ordines
206 2196 474 2247 recepissent,
505 2198 706 2239 confestim
729 2199 766 2236 in
786 2199 1188 2241 latera-discurrerent
1213 2210 1250 2241 et
1273 2214 1294 2240 a
1319 2213 1405 2240 cor—

28 2246 138 2286 nibus
165 2261 297 2288 rursus
326 2259 571 2303 erumperent
593 2260 876 2308 exceptumque
900 2259 973 2297 iam
999 2254 1150 2298 hostem
1173 2272 1194 2297 a
1214 2258 1405 2297 robustio-

27 2302 135 2349 ribus
162 2310 201 2343 et
224 2306 298 2357 ipsi
322 2309 541 2348 circuirent.

89 2384 244 2411 mour.
277 2386 427 2414 smum
1106 2381 1140 2421 3.
