1566 2496
128 100 151 140 8
574 111 674 142 SEX,
701 112 817 143 mnu
845 112 1070 147 FRONTINI

126 214 226 254 tueri
255 214 515 254 tantummodo
551 214 699 254 Italiam
735 217 952 267 constituit,
993 215 1316 269 Cunctatorisque
1345 229 1509 268 nomen,

127 278 166 310 et
198 283 270 323 per
298 271 374 310 hoc
402 272 536 310 summi
564 272 673 311 ducis
697 273 847 311 meruit.

242 328 281 366 4.
311 327 483 377 Byzantii
509 328 695 367 adversus
733 328 948 380 Philippum
978 341 1089 368 omne
1118 329 1332 381 proeliandi
1373 331 1507 370 discri-
1561 351 1566 365 -.

124 396 214 423 men
246 385 457 434 evitanteS,
495 385 635 424 omissa
676 385 788 424 etiam
817 386 943 424 finium
979 386 1118 436 tutela,
1149 387 1246 424 intra
1277 388 1506 425 munitiones
1563 391 1566 397 '

126 440 259 492 oppidi
289 452 333 479 se
361 446 614 492 receperunt,
643 441 897 493 adsecutique
922 448 1029 492 sunt,
1050 449 1091 481 ut
1117 442 1315 494 Philippus
1335 443 1506 482 obsidio·

125 497 223 536 natis
254 509 385 536 morae
411 498 613 548 impatiens
649 497 869 537 recederet.

240 554 277 592 5.
301 553 538 603 Hasdrubal,
571 553 751 604 Gisgonis
791 554 913 604 iilius,
958 554 1128 593 secundo
1157 554 1301 594 Punico
1334 555 1439 595 bello
1470 556 1507 593 in
1560 528 1566 587 l

124 609 306 667 Hispania
335 610 476 648 victum
505 611 738 659 exercitum,
765 622 849 649 cum
869 610 907 650 P.
925 611 1058 662 Scipio
1079 611 1260 660 instaret,
1290 624 1362 663 per
1388 611 1507 650 urbes
1563 622 1566 659 ξ

126 666 267 705 divisit.
325 665 382 704 Ita
413 666 555 704 factum
585 672 666 716 est,
696 672 736 704 ut
762 667 916 718 Scipio,
947 679 998 705 ne
1025 666 1313 718 obpugnatione
1343 668 1508 719 plurium
1564 700 1566 703 .

126 723 358 774 oppidorum
385 722 700 773 distringeretur,
730 723 768 760 in
797 723 958 762 hiberna
988 735 1080 762 suos
1110 723 1330 766 reduceret.

239 778 276 818 6.
310 778 593 817 Themistocles
623 778 853 818 adventante
881 779 1037 829 Xerxe,
1079 780 1166 831 quia
1197 792 1325 831 neque
1354 780 1508 831 proelio

124 835 299 887 pedestri
325 847 453 886 neque
483 835 610 873 linium
645 835 790 874 tutelae
827 847 956 887 neque
994 835 1186 875 obsidioni
1215 836 1400 876 credebat
1429 836 1507 875 suf-

126 892 245 930 ficere
276 891 561 940 Athenienses,
602 897 737 930 auctor
783 892 853 930 fuit
893 893 972 941 eis,
1006 891 1152 931 liberos
1185 899 1223 931 et
1254 893 1439 943 coniuges
1470 893 1507 931 in

113 947 327 986 'Troezena
361 953 398 986 et
427 947 464 985 in
494 947 589 986 alias
619 947 736 985 urbes
757 948 980 988 amandandi
1010 949 1226 1000 relictoque
1256 949 1399 1003 oppido
1429 955 1507 988 sta-
1557 984 1566 991 .

125 1010 203 1042 tum
233 1004 327 1042 belli
358 1004 405 1042 ad
430 1003 569 1042 navale
601 1004 791 1055 proelium
820 1005 1090 1044 transferendi.

241 1062 279 1100 7.
310 1059 416 1099 Idem
442 1059 537 1098 fecit
567 1060 605 1098 in
635 1060 769 1100 eadem
812 1062 967 1100 civitate
999 1061 1174 1100 Pericles
1203 1061 1407 1100 adversum
1437 1060 1506 1100 La—

126 1116 411 1156 cedaemonios.

239 1172 277 1212 8.
306 1173 464 1224 Scipio,
506 1178 683 1211 manente
718 1173 754 1210 in
792 1172 901 1212 Italia
935 1172 1169 1222 Hannibale,
1209 1174 1433 1212 transmisso
1470 1174 1508 1212 in

124 1229 298 1268 Africam
327 1230 501 1267 exercitu
528 1229 801 1267 necessitatem
833 1228 1212 1278 Carthaginiensibus
1238 1229 1419 1280 imposuit
1443 1241 1506 1268 re·
1564 1240 1566 1269 ἕ

126 1286 291 1324 vocandi
318 1285 583 1323 Hannibalem.
644 1285 710 1323 Sic
739 1297 760 1323 a
791 1285 1014 1323 domesticis
1032 1284 1230 1323 funeribus
1260 1284 1441 1324 hostilem
1469 1286 1507 1324 in
1564 1288 1566 1341 ]

126 1347 268 1380 terram
297 1341 488 1379 transtulit
516 1331 674 1378 bellum.

240 1397 277 1436 9.
311 1396 597 1446 Athenienses,
629 1408 713 1434 cum
734 1395 935 1434 Deceliam
963 1396 1163 1435 castellum
1189 1398 1359 1448 ipsorum
1387 1396 1506 1436 Lace-

126 1453 315 1492 daemonii
348 1453 669 1501 communissent,
702 1457 742 1490 et
769 1451 1008 1503 frequentius
1039 1459 1293 1503 vexarentur,
1326 1453 1505 1502 classem,
1564 1455 1566 1458 '

127 1521 203 1560 qua
235 1508 547 1560 Peloponnesum
576 1508 828 1558 infestarent,
859 1509 1065 1554 miserunt;
1097 1510 1376 1560 consecutique
1405 1516 1506 1558 sunt,

126 1572 166 1604 ut
185 1566 379 1604 exercitus
397 1564 812 1614 Lacedaemoniorum,
831 1565 894 1616 qui
917 1571 997 1603 erat
1017 1565 1226 1615 Deceliae,
1243 1571 1508 1604 revocaretur.
1564 1558 1566 1571 ³

241 1620 306 1661 10.
336 1620 551 1672 Imperator
589 1619 736 1659 Caesar
764 1621 1002 1660 Domitianus
1036 1621 1256 1672 Augustus,
1295 1633 1379 1660 cum
1413 1620 1506 1660 Ger·

126 1678 225 1716 mani
261 1689 368 1716 more
405 1689 473 1716 suo
515 1690 536 1716 e
575 1676 736 1716 saltibus
770 1683 809 1716 et
851 1677 1028 1717 obscuris
1059 1677 1218 1717 latebris
1249 1676 1411 1716 subinde
1440 1678 1506 1716 im-

126 1740 342 1783 pugnarent
372 1740 528 1772 nostros
557 1739 755 1784 tutumque
781 1746 1004 1784 regressum
1033 1734 1079 1784 *in
1107 1733 1297 1785 profunda
1327 1733 1507 1772 silvarum

124 1789 338 1839 haberent,
378 1789 557 1828 limitibus
597 1801 669 1840 per
705 1796 857 1828 centum
892 1790 1027 1840 viginti
1065 1790 1168 1829 milia
1201 1802 1382 1842 passuum
1411 1790 1508 1828 actis

125 1856 203 1883 non
229 1847 384 1884 mutavit
413 1851 555 1884 tantum
578 1851 716 1884 statum
744 1845 861 1896 belli,
893 1846 963 1885 sed
988 1853 1026 1886 et
1055 1847 1222 1886 subiecit
1251 1846 1384 1886 ditioni
1412 1857 1509 1885 suae

126 1901 281 1952 hostes,
314 1913 472 1953 quorum
498 1901 649 1952 refugia
679 1902 905 1941 nudaverat.

670 2011 866 2053 CAPUT
904 2014 969 2053 IV.

178 2091 179 2094 Ἰ
230 2101 302 2130 ’ΒΕ
332 2077 705 2131 TRANSDUCENDO
734 2101 967 2131 EXERCITU
985 2102 1076 2147 ,PER
1106 2100 1227 2132 LOCA
1255 2098 1393 2130 HOSTI

713 2157 915 2188 INSESSA.

245 2240 280 2278 1.
293 2238 478 2278 Aemilius
495 2237 620 2288 Papus
639 2238 774 2276 consul
792 2250 875 2276 cum
892 2239 929 2276 in
943 2236 1104 2276 Lucanis
1117 2236 1222 2274 iuxta
1240 2234 1329 2273 litus
1342 2241 1506 2285 angusto

128 2297 264 2336 itinere
296 2295 508 2336 exercitum
534 2294 715 2344 duceret,
745 2299 781 2332 et
813 2293 1006 2333 Tarentini
1034 2293 1069 2331 ei
1095 2291 1222 2330 classe
1253 2291 1419 2330 insidiati
1440 2303 1505 2341 ag-
