1566 2496
121 118 173 158 72
559 129 660 160 SEX.
690 131 807 161 mnu
834 130 1058 162 Fnomnu

117 230 209 270 bros
241 232 350 282 ignes
389 233 472 272 fieri
502 233 631 284 iussit,
672 240 713 272 ut
742 235 879 286 specie
911 234 1132 274 remanendi
1162 236 1378 275 occultaret
1407 249 1496 289 pro·
1561 244 1566 288 j

116 288 341 327 sectionem.
402 289 481 329 Sed
510 302 531 329 a
559 290 758 341 transfuga
784 290 984 341 proditus,
1015 291 1202 330 adsecuto
1227 294 1403 333 exercitu
1426 293 1496 333 La·
1560 315 1561 322 κ

118 345 476 396 cedaemoniorum,
506 347 643 385 itinere
673 347 826 398 quidem
857 359 933 398 quo
956 348 1133 399 Spartam
1155 348 1315 399 petebat
1337 349 1494 399 destitit,
1563 367 1566 402 j

117 401 218 439 idem
248 407 374 440 tamen
405 402 604 441 consilium
624 403 814 442 convertit
842 403 889 442 ad
914 403 1209 443 Mantinienses:
1241 416 1365 456 aeque
1394 406 1493 445 enim
1562 403 1566 450 ζ

116 457 268 506 ignibus
295 457 407 496 factis
432 458 783 505 Lacedaemonios,
816 461 924 510 quasi
947 466 1141 510 maneret,
1171 460 1390 510 frustratus,
1423 474 1510 513 per„
1565 477 1566 480 ¹

117 513 367 564 quadraginta
395 515 496 554 milia
526 526 706 566 passuum
736 515 953 555 Mantiniam
976 517 1136 556 revertit
1166 528 1327 568 eamque
1353 518 1494 557 auxilio
1563 558 1566 567 ,

117 569 337 609 destitutam
365 571 583 623 occupavit.

640 679 833 723 CAPUT
871 683 968 724 XII.

115 769 185 799 EX·
204 769 468 801 CONTRARIO
493 770 629 801 CIRCA
656 771 875 802 TUTELAM
905 772 1217 804 OBSESSORUM.
1283 773 1345 803 DE
1365 774 1493 805 EXCI-

537 827 695 857 TANDA
726 828 845 859 CURA
875 829 1075 860 SUORUM.

232 907 266 944 1.
326 906 554 947 Alcibiades
587 908 858 958 Atheniensis,
905 910 1059 949 civitate
1091 923 1158 950 sua
1183 923 1205 951 a
1232 910 1492 950 Lacedaemo-

114 962 185 1000 niis
224 962 409 1013 obsessa,
449 965 592 1003 veritus
639 965 914 1016 negligentiam
948 967 1128 1017 vigilum,
1167 967 1398 1006 denuntiavit
1434 967 1494 1005 his

115 1019 179 1070 qui
199 1019 236 1057 in
258 1019 486 1059 stationibus
503 1027 630 1071 erant,
656 1021 910 1061 observarent
933 1022 1082 1073 lumen,
1105 1023 1206 1075 quod
1229 1029 1343 1062 nocte
1364 1029 1494 1062 osten·

114 1087 226 1114 surus
257 1082 364 1115 esset
393 1089 443 1115 ex
473 1089 586 1128 arce,
615 1083 653 1116 et
683 1078 730 1117 ad
760 1085 1011 1130 conspectum
1041 1080 1123 1118 eius
1150 1080 1223 1131 ipsi
1251 1090 1406 1131 quoque
1435 1078 1492 1117 lu-

112 1132 213 1170 mina
242 1132 494 1178 adtollerent;
520 1134 558 1172 in
587 1146 663 1186 quo
693 1146 852 1173 munere
874 1136 937 1186 qui
967 1142 1183 1186 cessasset,
1214 1146 1377 1187 poenam
1403 1146 1490 1186 pas-

114 1200 255 1226 surum.
316 1188 414 1227 Dum
431 1189 599 1229 sollicite
622 1197 871 1242 exspectatur
892 1192 1040 1242 signum
1067 1192 1188 1237 ducis,
1221 1190 1491 1243 pervigilatum

113 1243 160 1282 ab
191 1244 366 1283 omnibus
397 1252 436 1284 et
461 1253 668 1298 suspectae
697 1247 823 1285 noctis
852 1248 1063 1298 periculum
1089 1247 1269 1286 evitatum
1299 1252 1371 1285 est.

228 1300 266 1339 2.
326 1300 540 1352 Iphicrates
574 1303 651 1341 dux
681 1302 991 1352 Atheniensium,
1022 1315 1106 1342 cum
1134 1303 1328 1354 praesidio
1357 1301 1491 1342 Corin·

113 1356 218 1395 thum
244 1363 397 1396 teneret
434 1364 472 1396 et
510 1358 580 1396 sub
622 1359 823 1397 adventum
859 1359 1023 1398 hostium
1057 1359 1142 1410 ipse
1169 1359 1321 1410 vigilias
1353 1359 1491 1398 circui-

112 1418 197 1461 ret,
237 1413 416 1463 vigilem,
456 1425 568 1464 quem
605 1414 855 1453 dormientem
883 1415 1053 1464 viderat,
1089 1415 1278 1454 transfixit
1308 1415 1490 1466 cuspide:

114 1468 216 1518 quod
246 1469 387 1507 factum
415 1469 640 1521 quibusdam
663 1476 853 1521 tamquam
878 1483 1035 1510 saevum
1056 1470 1355 1523 increpantibus,
1387 1471 1491 1520 Qua-

114 1524 190 1563 lem
220 1525 370 1574 inveni,
401 1526 541 1577 inquit,
572 1526 689 1565 talem
716 1527 868 1578 reliqui.

228 1579 265 1620 3.
325 1580 608 1634 Epaminondas
638 1582 842 1622 Thebanus
872 1583 974 1622 idem
999 1583 1143 1623 fecisse
1172 1582 1320 1622 dicitur.

629 1694 659 1734 C
670 1695 704 1734 A
715 1695 743 1734 P
752 1694 786 1734 U
798 1695 827 1734 T
858 1694 984 1734 XIII.

318 1784 381 1813 DE
410 1783 684 1814 EMITTENDO
714 1783 773 1814 ET
798 1782 1080 1814 RECIPIENDO
1111 1783 1300 1814 NUNTIO.

228 1864 263 1900 1.
324 1863 507 1914 Romani,
548 1863 702 1902 obsessi
741 1865 777 1902 in
807 1863 1020 1915 Capitolio,
1059 1862 1107 1902 ad
1133 1862 1284 1904 Camilli
1313 1865 1492 1904 auxilium

111 1916 159 1956 ab
193 1919 331 1957 exsilio
361 1920 638 1971 implorandum
666 1921 851 1959 miserunt
879 1920 1051 1959 Pontium
1080 1918 1310 1971 Cominium,
1341 1922 1419 1973 qui,
1451 1928 1492 1960 ut

112 1973 298 2012 stationes
326 1974 520 2014 Gallorum
542 1976 720 2026 falleret,
752 1989 823 2028 per
847 1989 940 2015 saxa
966 1975 1128 2027 Tarpeia
1158 1976 1347 2015 demissus
1368 1983 1489 2016 trans-

110 2034 200 2067 nato
233 2029 362 2069 Tiberi
391 2031 511 2085 Veios
550 2033 728 2083 pervenit
757 2039 796 2072 et
832 2037 1055 2085 perpetrata
1090 2031 1285 2082 legatione
1316 2032 1491 2071 similiter

111 2085 159 2124 ad
186 2096 278 2124 suos
305 2086 431 2125 rediit.

225 2140 263 2180 2.
323 2140 525 2194 Campani,
556 2142 759 2193 diligenter
784 2143 965 2182 Romanis
989 2157 1010 2183 a
1032 2144 1169 2195 quibus
1194 2143 1345 2182 obsessi
1383 2150 1493 2182 erant

113 2197 308 2238 custodias
338 2198 563 2249 agentibus,
596 2199 796 2250 quemdam
827 2211 898 2252 pro
927 2200 1123 2251 transfuga
1148 2199 1392 2238 subornatum
1421 2201 1489 2238 mi-

113 2259 267 2304 serunt,
306 2255 369 2306 qui
407 2254 635 2294 occultatam
677 2254 807 2294 balteo
850 2256 1053 2307 epistolam
1090 2256 1242 2294 inventa
1281 2254 1489 2306 effugiendi
1554 2309 1557 2311 q

113 2310 322 2351 occasione
352 2310 398 2352 ad
424 2311 577 2352 Poenos
607 2311 774 2362 pertulit.
