1566 2496
364 521 502 650 snx.
531 573 687 650 nnn
727 570 1028 648 ramum

147 696 701 752 STRATEGEMATICON
737 696 892 749 LIBRI
926 691 1248 756 QUATTUOR.

510 908 545 948 P
555 908 593 948 R
603 908 644 948 A
653 907 691 948 Ε
702 907 737 947 F
747 908 787 948 A
797 908 834 948 T
843 908 864 948 I
874 907 911 948 Ο

395 996 444 1027 m
469 997 582 1027 'riuis
612 995 778 1026 L113Ros
803 995 1011 1026 Pmomzs.

135 1066 240 1127 Cum
275 1089 322 1128 ad
359 1088 617 1127 instruendam
654 1088 712 1126 rei
757 1087 929 1126 militaris
967 1087 1166 1125 scientiam
1211 1097 1304 1124 unus
1341 1097 1391 1124 ex

21 1154 178 1183 numero
201 1145 457 1184 studiosorum
487 1146 568 1183 eius
607 1144 843 1182 accesserim
873 1145 986 1195 eique
1023 1142 1236 1190 destinam,
1275 1153 1391 1192 quan-

22 1205 100 1238 tum
126 1206 256 1239 nostra
284 1213 375 1240 cura
405 1200 543 1250 valuit,
576 1200 815 1238 satisfecisse
846 1201 951 1238 visus
981 1200 1071 1246 sim,
1103 1197 1236 1237 deberi
1267 1197 1392 1236 adhuc

22 1255 215 1295 institutae
251 1256 416 1295 arbitror
445 1268 611 1308 operae,
639 1262 679 1294 ut
706 1256 880 1294 sollertia
910 1255 1047 1294 ducum
1077 1255 1201 1303 facta,
1242 1266 1340 1305 quae
1370 1265 1392 1292 a

23 1310 183 1351 Graecis
211 1324 285 1351 una
316 1313 655 1363 strategematicon
692 1311 951 1363 adpellatione
982 1310 1262 1361 comprehensa
1292 1316 1391 1357 sunt,

23 1367 218 1418 expeditis
246 1369 460 1420 amplectar
489 1369 781 1409 commentariis.
842 1367 897 1407 Ita
924 1368 1023 1406 enim
1053 1366 1206 1405 consilii
1237 1377 1394 1418 quoque

23 1428 63 1461 et
95 1423 360 1474 providentiae
401 1424 591 1475 exemplis
629 1424 815 1462 succincti
852 1423 974 1462 duces
1002 1428 1134 1461 erunt:
1175 1422 1274 1461 unde
1316 1422 1394 1460 illis

25 1480 268 1529 excogitandi
303 1480 544 1532 gerendique
581 1480 717 1518 similia
745 1479 908 1518 facultas
946 1479 1148 1521 nutriatur;
1190 1483 1394 1530 praeterea

25 1536 245 1585 continget,
273 1547 322 1574 ne
353 1536 402 1575 de
439 1542 580 1575 eventu
610 1535 776 1587 trepidet
800 1535 1030 1573 inventionis
1060 1546 1174 1583 suae,
1214 1536 1278 1585 qui
1306 1545 1395 1585 pro-

26 1587 124 1628 b'atis
150 1603 235 1630 eam
265 1593 538 1642 experimentis
570 1589 818 1642 comparabit.

139 1644 239 1686 mud
267 1659 394 1698 neque
425 1649 562 1698 ignoro
591 1659 719 1698 neque
754 1643 903 1684 inficior
932 1646 1066 1694 etiam,
1104 1657 1232 1683 rerum
1267 1649 1397 1694 gesta-

27 1711 110 1738 rum
137 1702 350 1752 scriptores
382 1703 559 1753 indagine
581 1703 712 1753 operis
742 1702 798 1740 sui
823 1701 921 1740 hanc
952 1713 1107 1752 quoque
1137 1706 1284 1752 partem
1308 1711 1398 1738 esse

28 1755 277 1806 complexos:
317 1763 355 1796 et
384 1758 432 1797 ab
462 1758 704 1807 auctoribus,
744 1757 1009 1809 exemplorum
1038 1756 1220 1808 quidquid
1249 1756 1399 1806 insigne

28 1811 158 1862 aliquo
187 1812 303 1850 modo
334 1813 423 1861 fult,
458 1814 647 1853 traditum.
707 1813 810 1862 Sed,
847 1820 886 1852 ut
911 1814 1071 1865 opinor,
1103 1812 1303 1863 occupatis
1331 1824 1399 1850 ve-

29 1866 187 1905 locssate
217 1868 365 1906 consuH
395 1868 528 1907 debet:
567 1869 722 1919 longunn
760 1875 820 1907 est
850 1871 970 1918 enhn,
1009 1869 1158 1919 singula
1199 1874 1237 1906 et
1265 1879 1399 1919 sparsa

28 1934 101 1974 per
130 1924 352 1962 immensum
381 1935 523 1976 corpus
548 1924 788 1963 historiarum
812 1926 1015 1977 persequi:
1045 1931 1085 1963 et
1111 1924 1171 1972 hi,
1202 1925 1265 1975 qui
1293 1929 1399 1962 nota·

27 1977 119 2017 bilia
149 1986 452 2030 excerpserunt,
487 1982 574 2031 ipso
602 1981 708 2019 velut
726 1977 878 2020 'acervo
908 1993 1034 2020 rerum
1064 1980 1318 2019 confuderunt
1346 1979 1400 2016 le-

28 2039 198 2083 gentem.
257 2034 399 2074 Nostra
429 2036 612 2075 sedulitas
635 2037 827 2087 impendet
856 2048 1038 2089 operam,
1070 2042 1130 2085 nt,
1158 2035 1401 2087 quemadmo-

31 2089 118 2128 dum
146 2102 212 2129 res
243 2097 403 2142 poscet,
435 2092 558 2143 ipsum
587 2092 691 2143 quod
719 2093 886 2143 exigitur
914 2094 1022 2144 quasi
1053 2092 1098 2131 ad
1129 2094 1402 2140 interrogatum

32 2144 236 2185 exhibeat:
258 2148 548 2198 circumspectis
571 2148 668 2186 enim
688 2148 917 2198 generibus,
938 2149 1167 2200 praeparavi
1188 2151 1404 2198 opportuna

33 2200 300 2253 exemplorum
334 2203 454 2243 veluti
496 2202 669 2242 consilia.
730 2203 815 2252 Quo
845 2206 967 2255 magis
1004 2210 1130 2242 autem
1161 2203 1328 2241 discreta
1358 2200 1404 2238 ad

33 2267 161 2296 rerum
189 2259 416 2298 varietatem
445 2267 534 2312 apte
566 2259 885 2310 conlocat-entur,
924 2261 962 2298 in
997 2266 1077 2298 tres
1115 2258 1235 2297 libros
1274 2269 1321 2295 ea
1351 2256 1405 2294 di-

33 2311 219 2351 duximus.
278 2313 321 2353 ln
350 2317 472 2366 primo
504 2322 614 2356 erunt
643 2316 842 2368 exempla,
879 2328 977 2368 quae
1008 2319 1226 2366 competant
1254 2311 1406 2365 proelio

84 2391 240 2419 FRONT.
273 2394 422 2422 STRAT.
487 2420 490 2422 .
1132 2382 1150 2420 1
