1566 2496
618 123 853 157 nm'rORIS.
1338 122 1425 153 xm

49 234 283 282 confluerent,
299 244 375 282 qua
393 236 463 271 etc.
486 232 607 269 Nimis
627 232 795 278 abrupte.
816 224 836 282 ss
853 231 890 268 7.
909 229 947 266 vi
961 230 1108 276 iteca-sp.
1145 227 1199 265 Ita
1214 227 1426 273 emendavi,

49 302 118 338 pro
132 289 250 327 dam
265 290 413 337 ἔπειπερ.
458 288 599 327 Classis
618 298 693 324 non
708 291 788 323 erat
808 287 1083 332 inexspectata3
1103 295 1190 321 nam
1205 295 1252 322 ea
1268 286 1428 322 subinde

50 344 360 393 iam-oppidanos
391 348 607 382 tentaverat.
648 344 702 381 cf.
730 354 813 390 cap.
843 346 896 383 11.
921 346 954 379 1.
987 341 1049 377 An
1061 341 1334 388 inexspectato?
1351 337 1371 394 Η
1390 345 1427 380 8.

49 401 136 439 dum
149 402 303 447 minus)
317 399 651 445 emendavitOud„
669 411 737 448 pro
760 398 933 436 domibus.
956 391 974 449 {l
994 402 1049 436 10.
1069 409 1094 433 α
1122 397 1209 444 div.)
1228 397 1430 443 cumOud.‚

75 468 118 494 ro
137 467 193 501 ea
206 457 277 494 div.
436 480 439 482 -

48 469 75 506 P
164 513 253 562 Gap.
273 513 321 551 X.
341 515 376 550 4.
398 512 631 560 Segestanos)
654 510 767 558 Vulg.
796 509 1029 558 Saguntinos.
1068 504 1087 561 ΙΙ
1123 514 1158 548 5.
1182 510 1271 557 liqui
1288 510 1433 547 restitui·

50 581 100 607 ex
115 568 252 606 Medic.
272 574 446 616 corrupta
472 568 629 604 lectione
654 568 772 614 iqnem
788 567 894 614 qunn's
908 566 1062 602 acerbis.
1107 564 1161 602 cf.
1182 567 1363 613 Polyaen.
1383 567 1430 602 V.

51 631 110 670 10,
128 629 164 664 4.
186 619 205 678 ΙΙ
223 627 258 664 7.
275 625 491 669 cohortium)
509 624 563 662 Ita
581 622 762 667 Tennutl„
791 634 860 669 pro
880 623 1058 669 partium.
1085 641 1141 648 —
1161 621 1351 659 Scordisci
1378 623 1432 658 in·

52 682 222 718 colebant
237 681 471 728 potissimum
489 680 590 716 circa
607 678 748 715 flumen
770 679 937 715 Morawa
956 678 994 715 in
1021 678 1163 716 Serbia.
1202 678 1433 715 Excurrebat

53 737 160 774 ferox
177 747 305 774 eorum
331 737 516 784 equitatus
544 746 663 782 usque
691 734 741 771 ad
767 734 951 772 Scardum
977 739 1158 779 montem,
1190 735 1228 770 in
1258 735 1434 771 Macedo-

53 793 153 829 niam
173 797 210 828 et
230 793 407 840 lllyriam.
442 793 483 828 In
495 791 716 828 Macedonia
736 791 807 828 sita
827 796 906 827 erat
925 791 1014 827 urbs
1032 791 1219 828 Han-dea
1232 791 1432 839 Lyncestis,

54 838 94 884 id
124 841 271 896 llly‘ria·
288 849 390 884 iuxta
411 847 610 895 Lychnitin
643 848 767 883 lacum
800 847 994 891 Eordaea,
1034 849 1124 884 urbs
1162 846 1432 885 Eordaeorum.

53 904 181 942 Utram
203 904 388 951 significet
399 891 633 948 Q'rontinus,
661 902 811 938 difficile
840 907 898 938 est
917 903 1036 939 dictu:
1065 903 1242 939 librorum
1274 904 1435 951 vestigia

56 961 184 997 favent
200 959 414 996 Heracleae.
469 958 592 1005 Saepe
613 969 636 994 a
654 958 832 994 Romanis
859 969 944 994 cum
967 959 1115 1005 populis
1141 958 1240 995 illius
1267 961 1433 1007 regionis

56 1017 128 1052 late
156 1015 755 1062 circumvagantibuspuguatum
782 1017 857 1059 est,
889 1014 951 1060 qui
985 1018 1071 1060 post
1104 1020 1256 1051 cruenta
1285 1014 1435 1052 demum

56 1071 260 1109 certamina
285 1071 441 1107 subiecti
469 1075 566 1107 sunt.
611 1068 823 1106 Scordiscis
853 1081 966 1116 saepe
985 1070 1076 1106 Daci
1105 1070 1290 1107 coniuncti
1329 1075 1435 1107 erant

56 1128 119 1172 (ΙΙ.
136 1129 177 1171 4,
197 1128 252 1168 3).
286 1126 342 1163 De
369 1127 551 1163 Heraclea
572 1125 713 1163 Sintica
732 1126 888 1174 cogitari
910 1125 971 1163 hic
996 1127 1134 1173 nequit.
1153 1120 1171 1178 ss
1190 1130 1227 1166 8.
1257 1128 1331 1173 ire)
1373 1128 1435 1164 An

58 1184 194 1219 exire?
213 1176 232 1236 ss
249 1182 459 1230 ᾳρώαηοί.
481 1194 517 1218 e.
539 1183 577 1218 in
597 1181 787 1228 praesidio
810 1186 927 1218 erant.

171 1237 262 1286 Cap.
282 1238 348 1274 XI.
367 1243 401 1277 1.
423 1239 491 1286 leq.
513 1238 674 1275 eorumd.
690 1243 802 1285 rapta
819 1239 918 1285 req.)
960 1238 1015 1274 Ita
1036 1237 1236 1274 emendavi
1255 1249 1303 1274 ex
1321 1239 1434 1275 libro—

58 1305 140 1331 rum
159 1295 519 1342 vestigits‚.quorum
539 1295 642 1330 multi
662 1294 708 1330 de
726 1303 771 1330 ea
789 1304 832 1330 re
846 1298 938 1341 req„
970 1295 1018 1330 al.
1050 1294 1095 1330 de
1121 1304 1166 1330 ea
1196 1303 1286 1342 req„
1316 1296 1364 1333 al.
1390 1295 1437 1332 de

57 1360 172 1387 causa
187 1360 266 1398 req.
286 1351 400 1399 Yutg.
412 1351 458 1387 de
479 1361 524 1387 ea
544 1360 587 1387 re
603 1350 844 1398 querentibus.
875 1349 954 1387 Sed
972 1350 1130 1386 Medicei
1149 1351 1358 1387 eorumdem
1375 1361 1439 1388 eos

58 1416 139 1454 req.
177 1405 273 1442 Edd.
287 1405 397 1443 Rom.
415 1410 453 1442 et
472 1407 615 1443 Bonon.
635 1406 842 1442 eorumdem
862 1416 907 1443 ea
926 1416 1006 1453 req.
1048 1406 1101 1443 Cf.
1120 1407 1296 1454 Polyaen.
1315 1407 1377 1444 111.
1400 1411 1435 1452 4,

59 1467 101 1500 12
125 1451 362 1508 ἇπαιτῶντες
389 1454 456 1510 (τὰ
477 1453 737 1512 ἡρπασμένα).
760 1456 780 1514 u
798 1466 832 1500 5.
861 1462 964 1509 apud
981 1462 1122 1508 Mani.)
1149 1463 1243 1499 Huic
1259 1465 1441 1511 vulgatae

60 1518 180 1564 favet,
198 1522 345 1565 praeter
364 1529 504 1554 rnorem
518 1518 707 1562 Frontini,
743 1519 939 1555 multorum
966 1519 1143 1556 librorum
1166 1519 1275 1556 lectio
1302 1519 1438 1556 Manti-

60 1574 171 1611 niam.
218 1573 276 1609 Ex
302 1575 384 1610 aliis
404 1573 500 1611 Oud.
522 1575 561 1610 in
577 1573 770 1610 Mantinia.

174 1628 264 1676 Cap.
284 1629 382 1666 xm.
401 1634 434 1668 l.
455 1630 507 1666 ad
520 1630 619 1667 cam.
646 1631 785 1674 auxil.)
810 1630 865 1665 Ita
888 1628 1104 1670 emendavi.
1141 1630 1257 1677 Vulg.
1284 1630 1337 1666 ud
1367 1630 1438 1668 Cu-

60 1684 195 1720 millum
219 1684 266 1720 ab
292 1686 420 1722 exsilio
438 1686 721 1732 implorandum.
758 1685 836 1722 Sed
853 1684 952 1721 Med.
974 1696 1033 1731 pr.
1054 1686 1106 1720 ad
1120 1687 1308 1730 auxilium,
1338 1686 1440 1725 Me&

64 1750 142 1776 sec.
157 1741 345 1786 auxilium,
365 1741 467 1779 Leid.
488 1753 566 1777 sec.
586 1742 637 1777 ad
649 1741 803 1778 auxilia.
823 1735 842 1792 U
862 1743 897 1778 4.
919 1742 957 1776 in
983 1742 1068 1778 ium.
1088 1753 1148 1779 av.
1156 1744 1220 1788 p.)
1243 1742 1360 1779 Intell.
1383 1744 1440 1780 lit-

63 1800 173 1832 teras.
186 1795 403 1831 ini'ulserunt
423 1796 588 1842 (‚‚Briere
609 1797 647 1832 in
664 1797 910 1838 demHintern
929 1798 1131 1844 stopsen“).
1170 1798 1283 1846 Vulg.
1300 1800 1439 1835 iumen-

64 1851 193 1893 tm
212 1861 267 1887 av.
278 1862 320 1897 p.
339 1845 357 1902 Η
377 1855 413 1890 6.
434 1853 551 1896 milia)
577 1852 645 1898 ita,
668 1863 743 1888 non
761 1854 915 1900 militam,
939 1857 999 1890 est
1027 1854 1065 1889 in
1093 1854 1260 1890 Petrens.
1300 1855 1443 1892 Pendet

64 1907 203 1943 Aecus.
226 1906 272 1942 ab
289 1907 345 1942 ire
373 1908 607 1947 ίναίεαιονί.
627 1919 662 1943 e.
683 1909 865 1945 traiicere.r

177 1962 265 2009 Cap.
290 1961 388 1998 XIV.
408 1967 440 2000 1.
466 1962 523 2000 M.
539 1964 681 2000 irater-im
701 1965 863 2011 tessera)
873 1964 1154 2011 Liberlm-imi
1177 1967 1320 2002 interim
1355 1976 1440 2009 rese,

64 2018 114 2054 al.
131 2019 312 2054 interrex.
344 2017 421 2055 Sed
442 2019 606 2055 Petrens.
632 2021 711 2056 eius
730 2023 853 2069 ter-rag
869 2022 1055 2058 interrex.-
1083 2021 1183 2058 unde
1202 2023 1343 2059 restitui
1370 2027 1440 2058 tes-

62 2074 162 2119 sera,
180 2073 380 2110 adiuvante
399 2074 517 2109 Dione
537 2073 642 2113 Cass.
661 2075 793 2113 XLut.
802 2079 861 2125 ⁵⁹22·
890 2071 908 2128 ΙΙ
934 2076 1084 2124 tribunt)
1103 2077 1255 2116 Caesar.
1275 2080 1310 2114 b.
1336 2078 1442 2123 Hisp.

64 2133 130 2168 ιιι
153 2128 196 2173 Q.
214 2128 383 2166 Marcius
398 2129 560 2166 tribunus
578 2132 726 2169 militum
743 2132 808 2178 qm·
820 2131 953 2179 fuisset
966 2133 1142 2180 Poepeii,
1170 2134 1222 2169 ad
1233 2144 1300 2170 nos
1319 2138 1443 2169 trans-

61 2183 169 2231 fuqit.
221 2183 406 2222 Munatius
438 2186 548 2232 igitur
567 2186 653 2229 (Dio
674 2197 708 2223 c.
728 2189 773 2226 31
796 2191 832 2224 et
848 2191 913 2234 32)
933 2190 979 2225 ab
1001 2189 1063 2225 illo
1088 2189 1276 2226 diversus.
1336 2189 1440 2226 Cete-

66 2249 148 2274 rum
179 2250 255 2275 non
283 2243 366 2278 erat
384 2241 489 2278 miles
516 2242 713 2288 gregarius
723 2253 735 2287 ;
772 2254 857 2279 nam
884 2244 951 2280 Dio
978 2246 1105 2281 refert:
1145 2245 1265 2289 Quum
1295 2245 1442 2280 obsessi

67 2294 201 2334 ducem
225 2305 300 2332 non
326 2296 509 2334 haberent
531 2287 835 2348 (ἀστρατήγητοι
859 2287 1000 2349 ἦσαν),
1032 2301 1231 2348 Pompeius
1265 2301 1364 2337 misit
1394 2301 1441 2337 iis
