<?xml version="1.0" encoding="UTF-8"?>
<!DOCTYPE html PUBLIC "-//W3C//DTD XHTML 1.0 Transitional//EN"
    "http://www.w3.org/TR/xhtml1/DTD/xhtml1-transitional.dtd">
<html xmlns="http://www.w3.org/1999/xhtml" xml:lang="en" lang="en">
 <head>
  <title>
</title>
<meta http-equiv="Content-Type" content="text/html;charset=utf-8" />
  <meta name='ocr-system' content='tesseract 3.04.00' />
  <meta name='ocr-capabilities' content='ocr_page ocr_carea ocr_par ocr_line ocrx_word'/>
</head>
<body>
  <div class='ocr_page' id='page_1' title='image "./strategematiconl00fronuoft_0088.png"; bbox 0 0 1566 2496; ppageno 0'>
   <div class='ocr_carea' id='block_1_1' title="bbox 141 146 1091 200">
    <p class='ocr_par' dir='ltr' id='par_1_1' title="bbox 141 146 1091 200">
     <span class='ocr_line' id='line_1_1' title="bbox 141 146 1091 200; baseline 0.001 -13"><span class='ocrx_word' id='word_1_1' title='bbox 141 146 193 187; x_wconf 86' lang='grc'>68</span> <span class='ocrx_word' id='word_1_2' title='bbox 587 156 686 188; x_wconf 76' lang='lat' dir='ltr'>SEX.</span> <span class='ocrx_word' id='word_1_3' title='bbox 721 157 837 187; x_wconf 85' lang='lat' dir='ltr'>1UL11</span> <span class='ocrx_word' id='word_1_4' title='bbox 867 156 1091 200; x_wconf 65' lang='lat' dir='ltr'>Fizounm</span> 
     </span>
    </p>
   </div>
   <div class='ocr_carea' id='block_1_2' title="bbox 679 259 983 300">
    <p class='ocr_par' dir='ltr' id='par_1_2' title="bbox 679 259 983 300">
     <span class='ocr_line' id='line_1_2' title="bbox 679 259 983 300; baseline 0.007 -2"><span class='ocrx_word' id='word_1_5' title='bbox 679 259 876 299; x_wconf 88' lang='lat' dir='ltr'>CAPUT</span> <span class='ocrx_word' id='word_1_6' title='bbox 907 260 983 300; x_wconf 91' lang='lat' dir='ltr'>IX.</span> 
     </span>
    </p>
   </div>
   <div class='ocr_carea' id='block_1_3' title="bbox 190 346 1476 435">
    <p class='ocr_par' dir='ltr' id='par_1_3' title="bbox 190 346 1476 435">
     <span class='ocr_line' id='line_1_3' title="bbox 190 346 1476 392; baseline 0.005 -16"><span class='ocrx_word' id='word_1_7' title='bbox 190 346 252 376; x_wconf 83' lang='lat' dir='ltr'>DE</span> <span class='ocrx_word' id='word_1_8' title='bbox 283 346 565 378; x_wconf 85' lang='lat' dir='ltr'><strong>IRRUPTIONE</strong></span> <span class='ocrx_word' id='word_1_9' title='bbox 593 347 655 377; x_wconf 85' lang='lat' dir='ltr'>Ex</span> <span class='ocrx_word' id='word_1_10' title='bbox 685 348 886 379; x_wconf 84' lang='lat' dir='ltr'>DIVERSA</span> <span class='ocrx_word' id='word_1_11' title='bbox 912 349 1086 392; x_wconf 83' lang='lat' dir='ltr'>PARTE,</span> <span class='ocrx_word' id='word_1_12' title='bbox 1126 348 1255 388; x_wconf 80' lang='lat' dir='ltr'><strong>QUAM</strong></span> <span class='ocrx_word' id='word_1_13' title='bbox 1283 350 1476 382; x_wconf 82' lang='lat' dir='ltr'>EXSPEc-</span> 
     </span>
     <span class='ocr_line' id='line_1_4' title="bbox 749 404 918 435; baseline 0.006 -1"><span class='ocrx_word' id='word_1_14' title='bbox 749 404 918 435; x_wconf 82' lang='lat' dir='ltr'>TAMUS.</span> 
     </span>
    </p>
   </div>
   <div class='ocr_carea' id='block_1_4' title="bbox 130 483 1522 2390">
    <p class='ocr_par' dir='ltr' id='par_1_4' title="bbox 141 483 1522 651">
     <span class='ocr_line' id='line_1_5' title="bbox 258 483 1522 536; baseline 0.004 -14"><span class='ocrx_word' id='word_1_15' title='bbox 258 484 293 522; x_wconf 93' lang='lat'>1.</span> <span class='ocrx_word' id='word_1_16' title='bbox 353 485 485 535; x_wconf 83' lang='lat' dir='ltr'>Scipio</span> <span class='ocrx_word' id='word_1_17' title='bbox 511 484 613 536; x_wconf 90' lang='lat' dir='ltr'>apud</span> <span class='ocrx_word' id='word_1_18' title='bbox 641 483 914 535; x_wconf 84' lang='lat' dir='ltr'>Carthaginem</span> <span class='ocrx_word' id='word_1_19' title='bbox 944 485 1013 524; x_wconf 90' lang='lat' dir='ltr'>sub</span> <span class='ocrx_word' id='word_1_20' title='bbox 1041 485 1257 525; x_wconf 81' lang='lat' dir='ltr'>discessum</span> <span class='ocrx_word' id='word_1_21' title='bbox 1285 493 1416 526; x_wconf 85' lang='lat' dir='ltr'>aestus</span> <span class='ocrx_word' id='word_1_22' title='bbox 1445 499 1522 527; x_wconf 85' lang='lat' dir='ltr'>ma·</span> 
     </span>
     <span class='ocr_line' id='line_1_6' title="bbox 141 540 1522 591; baseline 0.003 -13"><span class='ocrx_word' id='word_1_23' title='bbox 141 540 270 590; x_wconf 80' lang='lat' dir='ltr'>ritimi,</span> <span class='ocrx_word' id='word_1_24' title='bbox 304 546 460 579; x_wconf 89' lang='lat' dir='ltr'>secutus</span> <span class='ocrx_word' id='word_1_25' title='bbox 480 540 605 579; x_wconf 91' lang='lat' dir='ltr'>Deum</span> <span class='ocrx_word' id='word_1_26' title='bbox 632 548 672 580; x_wconf 89' lang='lat' dir='ltr'>ut</span> <span class='ocrx_word' id='word_1_27' title='bbox 701 541 855 580; x_wconf 88' lang='lat' dir='ltr'>dicebat</span> <span class='ocrx_word' id='word_1_28' title='bbox 882 541 1042 591; x_wconf 87' lang='lat' dir='ltr'>ducem,</span> <span class='ocrx_word' id='word_1_29' title='bbox 1082 542 1130 581; x_wconf 88' lang='lat' dir='ltr'>ad</span> <span class='ocrx_word' id='word_1_30' title='bbox 1161 554 1291 582; x_wconf 90' lang='lat' dir='ltr'>muros</span> <span class='ocrx_word' id='word_1_31' title='bbox 1318 543 1422 582; x_wconf 91' lang='lat' dir='ltr'>urbis</span> <span class='ocrx_word' id='word_1_32' title='bbox 1460 555 1522 582; x_wconf 89' lang='lat' dir='ltr'>ac-</span> 
     </span>
     <span class='ocr_line' id='line_1_7' title="bbox 142 597 1450 651; baseline 0.003 -17"><span class='ocrx_word' id='word_1_33' title='bbox 142 597 261 635; x_wconf 80' lang='lat' dir='ltr'>cessit</span> <span class='ocrx_word' id='word_1_34' title='bbox 286 603 345 646; x_wconf 89' lang='lat' dir='ltr'>et,</span> <span class='ocrx_word' id='word_1_35' title='bbox 378 597 542 635; x_wconf 81' lang='lat' dir='ltr'>cedente</span> <span class='ocrx_word' id='word_1_36' title='bbox 573 603 735 648; x_wconf 84' lang='lat' dir='ltr'>stagno,</span> <span class='ocrx_word' id='word_1_37' title='bbox 767 610 840 649; x_wconf 88' lang='lat' dir='ltr'>qua</span> <span class='ocrx_word' id='word_1_38' title='bbox 868 610 946 636; x_wconf 90' lang='lat' dir='ltr'>non</span> <span class='ocrx_word' id='word_1_39' title='bbox 972 598 1273 649; x_wconf 80' lang='lat' dir='ltr'>exspectabatur</span> <span class='ocrx_word' id='word_1_40' title='bbox 1301 599 1450 651; x_wconf 87' lang='lat' dir='ltr'>irrupit.</span> 
     </span>
    </p>

    <p class='ocr_par' dir='ltr' id='par_1_5' title="bbox 137 651 1522 1042">
     <span class='ocr_line' id='line_1_8' title="bbox 253 651 1522 706; baseline 0.002 -15"><span class='ocrx_word' id='word_1_41' title='bbox 253 652 291 691; x_wconf 85' lang='lat'>2.</span> <span class='ocrx_word' id='word_1_42' title='bbox 350 651 490 692; x_wconf 87' lang='lat' dir='ltr'>Fabius</span> <span class='ocrx_word' id='word_1_43' title='bbox 511 652 696 692; x_wconf 88' lang='lat' dir='ltr'>Maximus</span> <span class='ocrx_word' id='word_1_44' title='bbox 715 652 958 692; x_wconf 85' lang='lat' dir='ltr'>Cunctatoris</span> <span class='ocrx_word' id='word_1_45' title='bbox 981 653 1102 703; x_wconf 83' lang='lat' dir='ltr'>iilius,</span> <span class='ocrx_word' id='word_1_46' title='bbox 1135 654 1235 706; x_wconf 90' lang='lat' dir='ltr'>apud</span> <span class='ocrx_word' id='word_1_47' title='bbox 1255 654 1385 706; x_wconf 84' lang='lat' dir='ltr'>Arpos</span> <span class='ocrx_word' id='word_1_48' title='bbox 1410 667 1522 706; x_wconf 89' lang='lat' dir='ltr'>prae·</span> 
     </span>
     <span class='ocr_line' id='line_1_9' title="bbox 141 708 1522 761; baseline 0.003 -15"><span class='ocrx_word' id='word_1_49' title='bbox 141 709 239 747; x_wconf 86' lang='lat' dir='ltr'>sidio</span> <span class='ocrx_word' id='word_1_50' title='bbox 271 708 494 748; x_wconf 85' lang='lat' dir='ltr'>Hannibalis</span> <span class='ocrx_word' id='word_1_51' title='bbox 522 716 759 761; x_wconf 81' lang='lat' dir='ltr'>occupatOS,</span> <span class='ocrx_word' id='word_1_52' title='bbox 789 710 1034 749; x_wconf 89' lang='lat' dir='ltr'>considerato</span> <span class='ocrx_word' id='word_1_53' title='bbox 1057 711 1130 749; x_wconf 87' lang='lat' dir='ltr'>situ</span> <span class='ocrx_word' id='word_1_54' title='bbox 1154 710 1285 760; x_wconf 89' lang='lat' dir='ltr'>urbis,</span> <span class='ocrx_word' id='word_1_55' title='bbox 1311 717 1522 750; x_wconf 83' lang='lat' dir='ltr'>sexcentos</span> 
     </span>
     <span class='ocr_line' id='line_1_10' title="bbox 139 765 1522 818; baseline 0.002 -15"><span class='ocrx_word' id='word_1_56' title='bbox 139 765 279 804; x_wconf 90' lang='lat' dir='ltr'>milites</span> <span class='ocrx_word' id='word_1_57' title='bbox 321 765 486 804; x_wconf 90' lang='lat' dir='ltr'>obscura</span> <span class='ocrx_word' id='word_1_58' title='bbox 523 772 637 805; x_wconf 85' lang='lat' dir='ltr'>noct-e</span> <span class='ocrx_word' id='word_1_59' title='bbox 674 767 798 816; x_wconf 89' lang='lat' dir='ltr'>misit,</span> <span class='ocrx_word' id='word_1_60' title='bbox 837 768 901 817; x_wconf 90' lang='lat' dir='ltr'>qui</span> <span class='ocrx_word' id='word_1_61' title='bbox 931 778 1002 817; x_wconf 88' lang='lat' dir='ltr'>per</span> <span class='ocrx_word' id='word_1_62' title='bbox 1035 767 1213 805; x_wconf 89' lang='lat' dir='ltr'>munitam</span> <span class='ocrx_word' id='word_1_63' title='bbox 1242 777 1369 818; x_wconf 88' lang='lat' dir='ltr'>eoque</span> <span class='ocrx_word' id='word_1_64' title='bbox 1399 768 1522 806; x_wconf 89' lang='lat' dir='ltr'>minus</span> 
     </span>
     <span class='ocr_line' id='line_1_11' title="bbox 137 821 1522 875; baseline 0.002 -16"><span class='ocrx_word' id='word_1_65' title='bbox 137 821 380 872; x_wconf 86' lang='lat' dir='ltr'>frequentem</span> <span class='ocrx_word' id='word_1_66' title='bbox 415 822 547 874; x_wconf 85' lang='lat' dir='ltr'>oppidi</span> <span class='ocrx_word' id='word_1_67' title='bbox 584 828 753 873; x_wconf 85' lang='lat' dir='ltr'>partem,</span> <span class='ocrx_word' id='word_1_68' title='bbox 791 822 908 860; x_wconf 91' lang='lat' dir='ltr'>scalis</span> <span class='ocrx_word' id='word_1_69' title='bbox 942 823 1071 861; x_wconf 90' lang='lat' dir='ltr'>evecti</span> <span class='ocrx_word' id='word_1_70' title='bbox 1107 824 1144 862; x_wconf 90' lang='lat' dir='ltr'>in</span> <span class='ocrx_word' id='word_1_71' title='bbox 1179 835 1358 872; x_wconf 77' lang='lat' dir='ltr'>murum,</span> <span class='ocrx_word' id='word_1_72' title='bbox 1387 830 1522 875; x_wconf 89' lang='lat' dir='ltr'>portas</span> 
     </span>
     <span class='ocr_line' id='line_1_12' title="bbox 137 878 1520 931; baseline 0.001 -15"><span class='ocrx_word' id='word_1_73' title='bbox 137 878 391 916; x_wconf 87' lang='lat' dir='ltr'>revellerent.</span> <span class='ocrx_word' id='word_1_74' title='bbox 451 878 497 916; x_wconf 90' lang='lat' dir='ltr'>Hi</span> <span class='ocrx_word' id='word_1_75' title='bbox 523 878 637 917; x_wconf 88' lang='lat' dir='ltr'>adiuti</span> <span class='ocrx_word' id='word_1_76' title='bbox 664 879 921 917; x_wconf 89' lang='lat' dir='ltr'>decidentium</span> <span class='ocrx_word' id='word_1_77' title='bbox 945 891 1127 930; x_wconf 90' lang='lat' dir='ltr'>aquarum</span> <span class='ocrx_word' id='word_1_78' title='bbox 1147 891 1267 929; x_wconf 89' lang='lat' dir='ltr'>sono,</span> <span class='ocrx_word' id='word_1_79' title='bbox 1296 880 1359 930; x_wconf 89' lang='lat' dir='ltr'>qui</span> <span class='ocrx_word' id='word_1_80' title='bbox 1389 881 1520 931; x_wconf 83' lang='lat' dir='ltr'>operis</span> 
     </span>
     <span class='ocr_line' id='line_1_13' title="bbox 138 933 1518 988; baseline 0.002 -17"><span class='ocrx_word' id='word_1_81' title='bbox 138 934 338 985; x_wconf 89' lang='lat' dir='ltr'>strepitum</span> <span class='ocrx_word' id='word_1_82' title='bbox 379 933 634 984; x_wconf 77' lang='lat' dir='ltr'>obscurabat,</span> <span class='ocrx_word' id='word_1_83' title='bbox 675 935 779 973; x_wconf 86' lang='lat' dir='ltr'>iussa</span> <span class='ocrx_word' id='word_1_84' title='bbox 818 941 1021 986; x_wconf 88' lang='lat' dir='ltr'>peragunt.</span> <span class='ocrx_word' id='word_1_85' title='bbox 1088 935 1201 988; x_wconf 87' lang='lat' dir='ltr'>Ipse,</span> <span class='ocrx_word' id='word_1_86' title='bbox 1243 935 1348 974; x_wconf 88' lang='lat' dir='ltr'>elato</span> <span class='ocrx_word' id='word_1_87' title='bbox 1392 936 1518 987; x_wconf 87' lang='lat' dir='ltr'>signo,</span> 
     </span>
     <span class='ocr_line' id='line_1_14' title="bbox 138 990 996 1042; baseline 0 -14"><span class='ocrx_word' id='word_1_88' title='bbox 138 990 299 1029; x_wconf 81' lang='lat' dir='ltr'>effracta</span> <span class='ocrx_word' id='word_1_89' title='bbox 330 996 442 1042; x_wconf 86' lang='lat' dir='ltr'>porta</span> <span class='ocrx_word' id='word_1_90' title='bbox 468 991 692 1040; x_wconf 80' lang='lat' dir='ltr'>ingressus,</span> <span class='ocrx_word' id='word_1_91' title='bbox 723 992 827 1042; x_wconf 85' lang='lat' dir='ltr'>cepit</span> <span class='ocrx_word' id='word_1_92' title='bbox 851 991 996 1042; x_wconf 84' lang='lat' dir='ltr'>Arpos.</span> 
     </span>
    </p>

    <p class='ocr_par' dir='ltr' id='par_1_6' title="bbox 130 1045 1518 1996">
     <span class='ocr_line' id='line_1_15' title="bbox 251 1045 1516 1099; baseline 0.001 -13"><span class='ocrx_word' id='word_1_93' title='bbox 251 1047 289 1086; x_wconf 88' lang='grc'>3.</span> <span class='ocrx_word' id='word_1_94' title='bbox 351 1045 393 1085; x_wconf 91' lang='lat' dir='ltr'>C.</span> <span class='ocrx_word' id='word_1_95' title='bbox 425 1046 567 1086; x_wconf 91' lang='lat' dir='ltr'>Marius</span> <span class='ocrx_word' id='word_1_96' title='bbox 598 1046 705 1085; x_wconf 89' lang='lat' dir='ltr'>bello</span> <span class='ocrx_word' id='word_1_97' title='bbox 736 1046 959 1098; x_wconf 84' lang='lat' dir='ltr'>Iugurthino</span> <span class='ocrx_word' id='word_1_98' title='bbox 988 1047 1087 1099; x_wconf 87' lang='lat' dir='ltr'>apud</span> <span class='ocrx_word' id='word_1_99' title='bbox 1119 1047 1259 1086; x_wconf 84' lang='lat' dir='ltr'>flumen</span> <span class='ocrx_word' id='word_1_100' title='bbox 1287 1047 1516 1099; x_wconf 85' lang='lat' dir='ltr'>Mulucham,</span> 
     </span>
     <span class='ocr_line' id='line_1_16' title="bbox 138 1102 1518 1156; baseline 0.001 -15"><span class='ocrx_word' id='word_1_101' title='bbox 138 1114 222 1141; x_wconf 93' lang='lat' dir='ltr'>cum</span> <span class='ocrx_word' id='word_1_102' title='bbox 253 1102 499 1154; x_wconf 84' lang='lat' dir='ltr'>obpugnaret</span> <span class='ocrx_word' id='word_1_103' title='bbox 532 1103 733 1142; x_wconf 89' lang='lat' dir='ltr'>castellum</span> <span class='ocrx_word' id='word_1_104' title='bbox 767 1105 803 1142; x_wconf 92' lang='lat' dir='ltr'>in</span> <span class='ocrx_word' id='word_1_105' title='bbox 832 1110 959 1143; x_wconf 90' lang='lat' dir='ltr'>monte</span> <span class='ocrx_word' id='word_1_106' title='bbox 992 1115 1113 1142; x_wconf 88' lang='lat' dir='ltr'>saxeo</span> <span class='ocrx_word' id='word_1_107' title='bbox 1147 1105 1279 1154; x_wconf 90' lang='lat' dir='ltr'>situm,</span> <span class='ocrx_word' id='word_1_108' title='bbox 1315 1105 1418 1156; x_wconf 89' lang='lat' dir='ltr'>quod</span> <span class='ocrx_word' id='word_1_109' title='bbox 1445 1117 1518 1144; x_wconf 88' lang='lat' dir='ltr'>una</span> 
     </span>
     <span class='ocr_line' id='line_1_17' title="bbox 137 1159 1518 1212; baseline 0.002 -15"><span class='ocrx_word' id='word_1_110' title='bbox 137 1165 174 1197; x_wconf 86' lang='lat' dir='ltr'>et</span> <span class='ocrx_word' id='word_1_111' title='bbox 203 1165 364 1210; x_wconf 86' lang='lat' dir='ltr'>angusta</span> <span class='ocrx_word' id='word_1_112' title='bbox 395 1160 529 1198; x_wconf 90' lang='lat' dir='ltr'>semita</span> <span class='ocrx_word' id='word_1_113' title='bbox 560 1159 754 1209; x_wconf 80' lang='lat' dir='ltr'>adibatur,</span> <span class='ocrx_word' id='word_1_114' title='bbox 785 1166 956 1199; x_wconf 90' lang='lat' dir='ltr'>ceterum</span> <span class='ocrx_word' id='word_1_115' title='bbox 982 1166 1115 1199; x_wconf 90' lang='lat' dir='ltr'>natura</span> <span class='ocrx_word' id='word_1_116' title='bbox 1145 1166 1184 1199; x_wconf 90' lang='lat' dir='ltr'>et</span> <span class='ocrx_word' id='word_1_117' title='bbox 1213 1166 1296 1199; x_wconf 89' lang='lat' dir='ltr'>arte</span> <span class='ocrx_word' id='word_1_118' title='bbox 1321 1173 1518 1212; x_wconf 86' lang='lat' dir='ltr'>praeceps</span> 
     </span>
     <span class='ocr_line' id='line_1_18' title="bbox 136 1215 1516 1268; baseline 0.001 -14"><span class='ocrx_word' id='word_1_119' title='bbox 136 1221 241 1265; x_wconf 88' lang='lat' dir='ltr'>erat,</span> <span class='ocrx_word' id='word_1_120' title='bbox 271 1217 442 1255; x_wconf 87' lang='lat' dir='ltr'>nuntiato</span> <span class='ocrx_word' id='word_1_121' title='bbox 473 1215 545 1255; x_wconf 91' lang='lat' dir='ltr'>sihi</span> <span class='ocrx_word' id='word_1_122' title='bbox 577 1227 647 1267; x_wconf 91' lang='lat' dir='ltr'>per</span> <span class='ocrx_word' id='word_1_123' title='bbox 674 1215 853 1266; x_wconf 84' lang='lat' dir='ltr'>Ligurem</span> <span class='ocrx_word' id='word_1_124' title='bbox 884 1216 1083 1267; x_wconf 88' lang='lat' dir='ltr'>quemdam</span> <span class='ocrx_word' id='word_1_125' title='bbox 1113 1229 1163 1255; x_wconf 88' lang='lat' dir='ltr'>ex</span> <span class='ocrx_word' id='word_1_126' title='bbox 1191 1216 1516 1268; x_wconf 86' lang='lat' dir='ltr'>auxiliisgrega-</span> 
     </span>
     <span class='ocr_line' id='line_1_19' title="bbox 136 1271 1517 1324; baseline 0.001 -14"><span class='ocrx_word' id='word_1_127' title='bbox 136 1271 213 1310; x_wconf 91' lang='lat' dir='ltr'>lem</span> <span class='ocrx_word' id='word_1_128' title='bbox 246 1271 427 1320; x_wconf 85' lang='lat' dir='ltr'>militem,</span> <span class='ocrx_word' id='word_1_129' title='bbox 460 1273 523 1323; x_wconf 93' lang='lat' dir='ltr'>qui</span> <span class='ocrx_word' id='word_1_130' title='bbox 555 1272 656 1310; x_wconf 87' lang='lat' dir='ltr'>forte</span> <span class='ocrx_word' id='word_1_131' title='bbox 694 1278 872 1323; x_wconf 90' lang='lat' dir='ltr'>aquatum</span> <span class='ocrx_word' id='word_1_132' title='bbox 903 1284 1159 1323; x_wconf 82' lang='lat' dir='ltr'>progressuS,</span> <span class='ocrx_word' id='word_1_133' title='bbox 1200 1272 1288 1312; x_wconf 91' lang='lat' dir='ltr'>dum</span> <span class='ocrx_word' id='word_1_134' title='bbox 1323 1285 1395 1324; x_wconf 89' lang='lat' dir='ltr'>per</span> <span class='ocrx_word' id='word_1_135' title='bbox 1423 1286 1517 1312; x_wconf 86' lang='lat' dir='ltr'>saxa</span> 
     </span>
     <span class='ocr_line' id='line_1_20' title="bbox 135 1328 1514 1381; baseline 0.001 -15"><span class='ocrx_word' id='word_1_136' title='bbox 135 1329 274 1367; x_wconf 89' lang='lat' dir='ltr'>montis</span> <span class='ocrx_word' id='word_1_137' title='bbox 307 1328 491 1367; x_wconf 89' lang='lat' dir='ltr'>cochleas</span> <span class='ocrx_word' id='word_1_138' title='bbox 522 1328 639 1378; x_wconf 86' lang='lat' dir='ltr'>legit,</span> <span class='ocrx_word' id='word_1_139' title='bbox 678 1329 725 1367; x_wconf 89' lang='lat' dir='ltr'>ad</span> <span class='ocrx_word' id='word_1_140' title='bbox 759 1340 941 1367; x_wconf 91' lang='lat' dir='ltr'>summum</span> <span class='ocrx_word' id='word_1_141' title='bbox 972 1335 1227 1380; x_wconf 88' lang='lat' dir='ltr'>pervenerat,</span> <span class='ocrx_word' id='word_1_142' title='bbox 1256 1330 1365 1380; x_wconf 86' lang='lat' dir='ltr'>erepi</span> <span class='ocrx_word' id='word_1_143' title='bbox 1395 1341 1514 1381; x_wconf 89' lang='lat' dir='ltr'>posse</span> 
     </span>
     <span class='ocr_line' id='line_1_21' title="bbox 134 1383 1514 1436; baseline 0.002 -15"><span class='ocrx_word' id='word_1_144' title='bbox 134 1385 172 1422; x_wconf 92' lang='lat' dir='ltr'>in</span> <span class='ocrx_word' id='word_1_145' title='bbox 204 1383 426 1432; x_wconf 84' lang='lat' dir='ltr'>castellum,</span> <span class='ocrx_word' id='word_1_146' title='bbox 459 1395 606 1434; x_wconf 91' lang='lat' dir='ltr'>paucos</span> <span class='ocrx_word' id='word_1_147' title='bbox 639 1385 908 1433; x_wconf 86' lang='lat' dir='ltr'>centuriones,</span> <span class='ocrx_word' id='word_1_148' title='bbox 942 1384 1079 1436; x_wconf 89' lang='lat' dir='ltr'>quibus</span> <span class='ocrx_word' id='word_1_149' title='bbox 1111 1385 1418 1436; x_wconf 85' lang='lat' dir='ltr'>perfectissimos</span> <span class='ocrx_word' id='word_1_150' title='bbox 1447 1385 1514 1424; x_wconf 82' lang='lat' dir='ltr'>ve—</span> 
     </span>
     <span class='ocr_line' id='line_1_22' title="bbox 133 1439 1514 1493; baseline 0.001 -15"><span class='ocrx_word' id='word_1_151' title='bbox 133 1440 341 1479; x_wconf 87' lang='lat' dir='ltr'>locissimis</span> <span class='ocrx_word' id='word_1_152' title='bbox 361 1439 542 1478; x_wconf 86' lang='lat' dir='ltr'>militibus</span> <span class='ocrx_word' id='word_1_153' title='bbox 559 1452 673 1491; x_wconf 87' lang='lat' dir='ltr'>pares</span> <span class='ocrx_word' id='word_1_154' title='bbox 691 1447 919 1478; x_wconf 89' lang='lat' dir='ltr'>aeneatores</span> <span class='ocrx_word' id='word_1_155' title='bbox 935 1441 1215 1491; x_wconf 87' lang='lat' dir='ltr'>immiscuerat,</span> <span class='ocrx_word' id='word_1_156' title='bbox 1248 1442 1362 1491; x_wconf 88' lang='lat' dir='ltr'>misit,</span> <span class='ocrx_word' id='word_1_157' title='bbox 1386 1442 1514 1493; x_wconf 89' lang='lat' dir='ltr'>capite</span> 
     </span>
     <span class='ocr_line' id='line_1_23' title="bbox 131 1496 1516 1548; baseline 0.002 -14"><span class='ocrx_word' id='word_1_158' title='bbox 131 1496 375 1547; x_wconf 88' lang='lat' dir='ltr'>pedibusque</span> <span class='ocrx_word' id='word_1_159' title='bbox 406 1496 537 1545; x_wconf 85' lang='lat' dir='ltr'>nudis,</span> <span class='ocrx_word' id='word_1_160' title='bbox 575 1501 614 1534; x_wconf 85' lang='lat' dir='ltr'>ut</span> <span class='ocrx_word' id='word_1_161' title='bbox 652 1502 885 1547; x_wconf 89' lang='lat' dir='ltr'>prospectus</span> <span class='ocrx_word' id='word_1_162' title='bbox 921 1497 1102 1547; x_wconf 86' lang='lat' dir='ltr'>nisusque</span> <span class='ocrx_word' id='word_1_163' title='bbox 1140 1509 1212 1548; x_wconf 89' lang='lat' dir='ltr'>per</span> <span class='ocrx_word' id='word_1_164' title='bbox 1242 1510 1334 1536; x_wconf 90' lang='lat' dir='ltr'>saxa</span> <span class='ocrx_word' id='word_1_165' title='bbox 1363 1498 1516 1537; x_wconf 85' lang='lat' dir='ltr'>facilior</span> 
     </span>
     <span class='ocr_line' id='line_1_24' title="bbox 132 1552 1514 1604; baseline 0.001 -13"><span class='ocrx_word' id='word_1_166' title='bbox 132 1552 257 1601; x_wconf 82' lang='lat' dir='ltr'>foret,</span> <span class='ocrx_word' id='word_1_167' title='bbox 292 1553 412 1590; x_wconf 91' lang='lat' dir='ltr'>scutis</span> <span class='ocrx_word' id='word_1_168' title='bbox 442 1552 659 1603; x_wconf 88' lang='lat' dir='ltr'>gladiisque</span> <span class='ocrx_word' id='word_1_169' title='bbox 687 1565 708 1591; x_wconf 86' lang='lat' dir='ltr'>a</span> <span class='ocrx_word' id='word_1_170' title='bbox 733 1558 845 1603; x_wconf 87' lang='lat' dir='ltr'>tergo</span> <span class='ocrx_word' id='word_1_171' title='bbox 876 1553 1027 1604; x_wconf 87' lang='lat' dir='ltr'>aptatis.</span> <span class='ocrx_word' id='word_1_172' title='bbox 1086 1552 1131 1591; x_wconf 91' lang='lat' dir='ltr'>Hi</span> <span class='ocrx_word' id='word_1_173' title='bbox 1160 1552 1300 1604; x_wconf 83' lang='lat' dir='ltr'>Ligure</span> <span class='ocrx_word' id='word_1_174' title='bbox 1326 1554 1445 1604; x_wconf 84' lang='lat' dir='ltr'>duce,</span> <span class='ocrx_word' id='word_1_175' title='bbox 1475 1560 1514 1592; x_wconf 85' lang='lat' dir='ltr'>et</span> 
     </span>
     <span class='ocr_line' id='line_1_25' title="bbox 133 1608 1514 1659; baseline 0.001 -12"><span class='ocrx_word' id='word_1_176' title='bbox 133 1609 228 1647; x_wconf 90' lang='lat' dir='ltr'>loris</span> <span class='ocrx_word' id='word_1_177' title='bbox 267 1615 305 1647; x_wconf 92' lang='lat' dir='ltr'>et</span> <span class='ocrx_word' id='word_1_178' title='bbox 337 1608 481 1658; x_wconf 88' lang='lat' dir='ltr'>clavis,</span> <span class='ocrx_word' id='word_1_179' title='bbox 520 1608 657 1659; x_wconf 88' lang='lat' dir='ltr'>quibus</span> <span class='ocrx_word' id='word_1_180' title='bbox 692 1609 730 1646; x_wconf 92' lang='lat' dir='ltr'>in</span> <span class='ocrx_word' id='word_1_181' title='bbox 758 1608 948 1647; x_wconf 87' lang='lat' dir='ltr'>adscensu</span> <span class='ocrx_word' id='word_1_182' title='bbox 975 1608 1214 1658; x_wconf 81' lang='lat' dir='ltr'>nitebantur,</span> <span class='ocrx_word' id='word_1_183' title='bbox 1248 1609 1387 1659; x_wconf 88' lang='lat' dir='ltr'>adiuti,</span> <span class='ocrx_word' id='word_1_184' title='bbox 1429 1622 1514 1648; x_wconf 90' lang='lat' dir='ltr'>cum</span> 
     </span>
     <span class='ocr_line' id='line_1_26' title="bbox 132 1664 1512 1717; baseline 0 -13"><span class='ocrx_word' id='word_1_185' title='bbox 132 1665 180 1704; x_wconf 89' lang='lat' dir='ltr'>ad</span> <span class='ocrx_word' id='word_1_186' title='bbox 210 1665 431 1716; x_wconf 87' lang='lat' dir='ltr'>posteriora</span> <span class='ocrx_word' id='word_1_187' title='bbox 464 1670 502 1703; x_wconf 92' lang='lat' dir='ltr'>et</span> <span class='ocrx_word' id='word_1_188' title='bbox 533 1664 582 1703; x_wconf 91' lang='lat' dir='ltr'>ob</span> <span class='ocrx_word' id='word_1_189' title='bbox 616 1665 652 1703; x_wconf 89' lang='lat' dir='ltr'>id</span> <span class='ocrx_word' id='word_1_190' title='bbox 681 1676 803 1704; x_wconf 89' lang='lat' dir='ltr'>vacua</span> <span class='ocrx_word' id='word_1_191' title='bbox 834 1665 1106 1704; x_wconf 86' lang='lat' dir='ltr'>defensoribus</span> <span class='ocrx_word' id='word_1_192' title='bbox 1133 1665 1284 1704; x_wconf 82' lang='lat' dir='ltr'>castelli</span> <span class='ocrx_word' id='word_1_193' title='bbox 1313 1667 1512 1717; x_wconf 88' lang='lat' dir='ltr'>pervenis·</span> 
     </span>
     <span class='ocr_line' id='line_1_27' title="bbox 133 1721 1511 1773; baseline 0.001 -14"><span class='ocrx_word' id='word_1_194' title='bbox 133 1727 240 1770; x_wconf 87' lang='lat' dir='ltr'>sent,</span> <span class='ocrx_word' id='word_1_195' title='bbox 279 1727 318 1760; x_wconf 90' lang='lat' dir='ltr'>et</span> <span class='ocrx_word' id='word_1_196' title='bbox 349 1722 556 1760; x_wconf 87' lang='lat' dir='ltr'>concinere</span> <span class='ocrx_word' id='word_1_197' title='bbox 598 1727 636 1759; x_wconf 90' lang='lat' dir='ltr'>et</span> <span class='ocrx_word' id='word_1_198' title='bbox 666 1721 903 1771; x_wconf 89' lang='lat' dir='ltr'>tumultuari,</span> <span class='ocrx_word' id='word_1_199' title='bbox 931 1728 970 1760; x_wconf 86' lang='lat' dir='ltr'>ut</span> <span class='ocrx_word' id='word_1_200' title='bbox 996 1728 1249 1773; x_wconf 88' lang='lat' dir='ltr'>praeceptum</span> <span class='ocrx_word' id='word_1_201' title='bbox 1278 1728 1384 1771; x_wconf 89' lang='lat' dir='ltr'>erat,</span> <span class='ocrx_word' id='word_1_202' title='bbox 1421 1733 1511 1761; x_wconf 89' lang='lat' dir='ltr'>coe-</span> 
     </span>
     <span class='ocr_line' id='line_1_28' title="bbox 133 1777 1511 1829; baseline 0.001 -14"><span class='ocrx_word' id='word_1_203' title='bbox 133 1783 291 1829; x_wconf 87' lang='lat' dir='ltr'>perunt:</span> <span class='ocrx_word' id='word_1_204' title='bbox 329 1777 377 1816; x_wconf 88' lang='lat' dir='ltr'>ad</span> <span class='ocrx_word' id='word_1_205' title='bbox 411 1777 514 1828; x_wconf 88' lang='lat' dir='ltr'>quod</span> <span class='ocrx_word' id='word_1_206' title='bbox 553 1778 797 1816; x_wconf 83' lang='lat' dir='ltr'>constitutum</span> <span class='ocrx_word' id='word_1_207' title='bbox 831 1777 973 1816; x_wconf 88' lang='lat' dir='ltr'>Marius</span> <span class='ocrx_word' id='word_1_208' title='bbox 1015 1779 1250 1817; x_wconf 90' lang='lat' dir='ltr'>constantius</span> <span class='ocrx_word' id='word_1_209' title='bbox 1289 1778 1511 1817; x_wconf 83' lang='lat' dir='ltr'>adhortatus</span> 
     </span>
     <span class='ocr_line' id='line_1_29' title="bbox 131 1833 1511 1885; baseline 0.001 -14"><span class='ocrx_word' id='word_1_210' title='bbox 131 1844 224 1871; x_wconf 92' lang='lat' dir='ltr'>suos</span> <span class='ocrx_word' id='word_1_211' title='bbox 255 1835 381 1871; x_wconf 90' lang='lat' dir='ltr'>acrius</span> <span class='ocrx_word' id='word_1_212' title='bbox 415 1835 559 1872; x_wconf 90' lang='lat' dir='ltr'>instare</span> <span class='ocrx_word' id='word_1_213' title='bbox 591 1833 811 1872; x_wconf 88' lang='lat' dir='ltr'>castellanis</span> <span class='ocrx_word' id='word_1_214' title='bbox 847 1836 999 1885; x_wconf 88' lang='lat' dir='ltr'>coepit,</span> <span class='ocrx_word' id='word_1_215' title='bbox 1032 1845 1130 1885; x_wconf 88' lang='lat' dir='ltr'>quos</span> <span class='ocrx_word' id='word_1_216' title='bbox 1167 1834 1214 1873; x_wconf 91' lang='lat' dir='ltr'>ab</span> <span class='ocrx_word' id='word_1_217' title='bbox 1243 1834 1387 1873; x_wconf 90' lang='lat' dir='ltr'>imbelli</span> <span class='ocrx_word' id='word_1_218' title='bbox 1417 1834 1511 1873; x_wconf 86' lang='lat' dir='ltr'>mul-</span> 
     </span>
     <span class='ocr_line' id='line_1_30' title="bbox 130 1889 1509 1942; baseline 0.001 -15"><span class='ocrx_word' id='word_1_219' title='bbox 130 1889 290 1927; x_wconf 79' lang='lat' dir='ltr'>titudine</span> <span class='ocrx_word' id='word_1_220' title='bbox 326 1901 480 1928; x_wconf 89' lang='lat' dir='ltr'>suorum</span> <span class='ocrx_word' id='word_1_221' title='bbox 517 1896 747 1939; x_wconf 81' lang='lat' dir='ltr'>revocatOS,</span> <span class='ocrx_word' id='word_1_222' title='bbox 784 1896 973 1941; x_wconf 87' lang='lat' dir='ltr'>tamquam</span> <span class='ocrx_word' id='word_1_223' title='bbox 1012 1890 1060 1929; x_wconf 88' lang='lat' dir='ltr'>ab</span> <span class='ocrx_word' id='word_1_224' title='bbox 1090 1896 1202 1942; x_wconf 89' lang='lat' dir='ltr'>tergo</span> <span class='ocrx_word' id='word_1_225' title='bbox 1235 1891 1336 1942; x_wconf 88' lang='lat' dir='ltr'>capti</span> <span class='ocrx_word' id='word_1_226' title='bbox 1364 1897 1509 1940; x_wconf 87' lang='lat' dir='ltr'>essent,</span> 
     </span>
     <span class='ocr_line' id='line_1_31' title="bbox 130 1945 701 1996; baseline 0.002 -13"><span class='ocrx_word' id='word_1_227' title='bbox 130 1946 327 1983; x_wconf 82' lang='lat' dir='ltr'>insecutus</span> <span class='ocrx_word' id='word_1_228' title='bbox 354 1945 554 1984; x_wconf 88' lang='lat' dir='ltr'>castellum</span> <span class='ocrx_word' id='word_1_229' title='bbox 585 1946 701 1996; x_wconf 87' lang='lat' dir='ltr'>cepit.</span> 
     </span>
    </p>

    <p class='ocr_par' dir='ltr' id='par_1_7' title="bbox 130 2000 1509 2332">
     <span class='ocr_line' id='line_1_32' title="bbox 244 2000 1509 2054; baseline 0.001 -16"><span class='ocrx_word' id='word_1_230' title='bbox 244 2001 282 2038; x_wconf 91' lang='grc'>4.</span> <span class='ocrx_word' id='word_1_231' title='bbox 342 2000 382 2039; x_wconf 93' lang='lat' dir='ltr'>L.</span> <span class='ocrx_word' id='word_1_232' title='bbox 416 2000 619 2040; x_wconf 84' lang='lat' dir='ltr'>Cornelius</span> <span class='ocrx_word' id='word_1_233' title='bbox 650 2002 785 2040; x_wconf 90' lang='lat' dir='ltr'>consul</span> <span class='ocrx_word' id='word_1_234' title='bbox 811 2002 1009 2054; x_wconf 84' lang='lat' dir='ltr'>complura</span> <span class='ocrx_word' id='word_1_235' title='bbox 1040 2002 1237 2041; x_wconf 88' lang='lat' dir='ltr'>Sardiniae</span> <span class='ocrx_word' id='word_1_236' title='bbox 1269 2003 1373 2054; x_wconf 87' lang='lat' dir='ltr'>cepit</span> <span class='ocrx_word' id='word_1_237' title='bbox 1399 2003 1509 2052; x_wconf 86' lang='lat' dir='ltr'>oppi-</span> 
     </span>
     <span class='ocr_line' id='line_1_33' title="bbox 130 2056 1508 2110; baseline -0.001 -14"><span class='ocrx_word' id='word_1_238' title='bbox 130 2058 200 2106; x_wconf 90' lang='lat' dir='ltr'>da,</span> <span class='ocrx_word' id='word_1_239' title='bbox 234 2056 320 2095; x_wconf 93' lang='lat' dir='ltr'>dum</span> <span class='ocrx_word' id='word_1_240' title='bbox 350 2057 583 2095; x_wconf 82' lang='lat' dir='ltr'>firmissimas</span> <span class='ocrx_word' id='word_1_241' title='bbox 620 2064 749 2108; x_wconf 88' lang='lat' dir='ltr'>partes</span> <span class='ocrx_word' id='word_1_242' title='bbox 779 2060 975 2110; x_wconf 89' lang='lat' dir='ltr'>copiarum</span> <span class='ocrx_word' id='word_1_243' title='bbox 1013 2064 1129 2098; x_wconf 86' lang='lat' dir='ltr'>noctu</span> <span class='ocrx_word' id='word_1_244' title='bbox 1159 2060 1336 2109; x_wconf 84' lang='lat' dir='ltr'>exponit,</span> <span class='ocrx_word' id='word_1_245' title='bbox 1371 2057 1508 2108; x_wconf 86' lang='lat' dir='ltr'>quibus</span> 
     </span>
     <span class='ocr_line' id='line_1_34' title="bbox 132 2112 1509 2166; baseline -0.001 -14"><span class='ocrx_word' id='word_1_246' title='bbox 132 2112 419 2165; x_wconf 86' lang='lat' dir='ltr'>praecipiebat,</span> <span class='ocrx_word' id='word_1_247' title='bbox 443 2113 720 2152; x_wconf 86' lang='lat' dir='ltr'>delitescerent</span> <span class='ocrx_word' id='word_1_248' title='bbox 746 2115 1097 2166; x_wconf 90' lang='lat' dir='ltr'>opperirenturque</span> <span class='ocrx_word' id='word_1_249' title='bbox 1123 2121 1294 2164; x_wconf 88' lang='lat' dir='ltr'>tempus,</span> <span class='ocrx_word' id='word_1_250' title='bbox 1326 2124 1401 2163; x_wconf 91' lang='lat' dir='ltr'>quo</span> <span class='ocrx_word' id='word_1_251' title='bbox 1423 2114 1509 2164; x_wconf 90' lang='lat' dir='ltr'>ipse</span> 
     </span>
     <span class='ocr_line' id='line_1_35' title="bbox 130 2168 1508 2220; baseline 0 -12"><span class='ocrx_word' id='word_1_252' title='bbox 130 2181 250 2208; x_wconf 86' lang='lat' dir='ltr'>naves</span> <span class='ocrx_word' id='word_1_253' title='bbox 285 2168 516 2220; x_wconf 84' lang='lat' dir='ltr'>adpelleret.</span> <span class='ocrx_word' id='word_1_254' title='bbox 577 2168 879 2209; x_wconf 87' lang='lat' dir='ltr'>Occurrentibus</span> <span class='ocrx_word' id='word_1_255' title='bbox 918 2170 1056 2209; x_wconf 89' lang='lat' dir='ltr'>deinde</span> <span class='ocrx_word' id='word_1_256' title='bbox 1088 2169 1303 2209; x_wconf 87' lang='lat' dir='ltr'>adventanti</span> <span class='ocrx_word' id='word_1_257' title='bbox 1332 2169 1508 2209; x_wconf 88' lang='lat' dir='ltr'>hostibus</span> 
     </span>
     <span class='ocr_line' id='line_1_36' title="bbox 132 2225 1507 2277; baseline 0.001 -13"><span class='ocrx_word' id='word_1_258' title='bbox 132 2232 169 2264; x_wconf 92' lang='lat' dir='ltr'>et</span> <span class='ocrx_word' id='word_1_259' title='bbox 198 2225 245 2265; x_wconf 90' lang='lat' dir='ltr'>ab</span> <span class='ocrx_word' id='word_1_260' title='bbox 275 2226 360 2277; x_wconf 90' lang='lat' dir='ltr'>ipso</span> <span class='ocrx_word' id='word_1_261' title='bbox 387 2236 459 2276; x_wconf 87' lang='lat' dir='ltr'>per</span> <span class='ocrx_word' id='word_1_262' title='bbox 488 2225 767 2264; x_wconf 90' lang='lat' dir='ltr'>simulationem</span> <span class='ocrx_word' id='word_1_263' title='bbox 784 2227 913 2277; x_wconf 85' lang='lat' dir='ltr'>-fugae</span> <span class='ocrx_word' id='word_1_264' title='bbox 944 2227 1097 2276; x_wconf 89' lang='lat' dir='ltr'>longius</span> <span class='ocrx_word' id='word_1_265' title='bbox 1124 2225 1171 2263; x_wconf 87' lang='lat' dir='ltr'>ad</span> <span class='ocrx_word' id='word_1_266' title='bbox 1197 2226 1507 2276; x_wconf 84' lang='lat' dir='ltr'>persequendum</span> 
     </span>
     <span class='ocr_line' id='line_1_37' title="bbox 131 2280 1393 2332; baseline -0.001 -11"><span class='ocrx_word' id='word_1_267' title='bbox 131 2283 325 2332; x_wconf 82' lang='lat' dir='ltr'>avocatis,</span> <span class='ocrx_word' id='word_1_268' title='bbox 356 2280 410 2320; x_wconf 94' lang='lat' dir='ltr'>illi</span> <span class='ocrx_word' id='word_1_269' title='bbox 439 2282 476 2319; x_wconf 91' lang='lat' dir='ltr'>in</span> <span class='ocrx_word' id='word_1_270' title='bbox 504 2280 659 2319; x_wconf 86' lang='lat' dir='ltr'>relictas</span> <span class='ocrx_word' id='word_1_271' title='bbox 686 2281 732 2320; x_wconf 88' lang='lat' dir='ltr'>ab</span> <span class='ocrx_word' id='word_1_272' title='bbox 764 2282 822 2320; x_wconf 92' lang='lat' dir='ltr'>his</span> <span class='ocrx_word' id='word_1_273' title='bbox 851 2282 967 2321; x_wconf 87' lang='lat' dir='ltr'>urbes</span> <span class='ocrx_word' id='word_1_274' title='bbox 994 2284 1174 2332; x_wconf 88' lang='lat' dir='ltr'>impetum</span> <span class='ocrx_word' id='word_1_275' title='bbox 1204 2280 1393 2320; x_wconf 80' lang='lat' dir='ltr'>fecerunt.</span> 
     </span>
    </p>

    <p class='ocr_par' dir='ltr' id='par_1_8' title="bbox 245 2335 1506 2390">
     <span class='ocr_line' id='line_1_38' title="bbox 245 2335 1506 2390; baseline 0.001 -14"><span class='ocrx_word' id='word_1_276' title='bbox 245 2339 282 2376; x_wconf 84' lang='lat'>5.</span> <span class='ocrx_word' id='word_1_277' title='bbox 341 2337 511 2376; x_wconf 88' lang='lat' dir='ltr'>Pericles</span> <span class='ocrx_word' id='word_1_278' title='bbox 543 2336 831 2376; x_wconf 85' lang='lat' dir='ltr'>Atheniensium</span> <span class='ocrx_word' id='word_1_279' title='bbox 861 2338 959 2387; x_wconf 89' lang='lat' dir='ltr'>dux,</span> <span class='ocrx_word' id='word_1_280' title='bbox 992 2349 1075 2375; x_wconf 88' lang='lat' dir='ltr'>cum</span> <span class='ocrx_word' id='word_1_281' title='bbox 1105 2335 1347 2387; x_wconf 85' lang='lat' dir='ltr'>obpugnaret</span> <span class='ocrx_word' id='word_1_282' title='bbox 1377 2349 1506 2390; x_wconf 86' lang='lat' dir='ltr'>quam-</span> 
     </span>
    </p>
   </div>
  </div>
 </body>
</html>
