1566 2496
285 137 737 170 sm'rnenmncon
766 137 859 168 Lm.
890 136 939 169 11.
972 136 1072 168 cu».
1100 136 1144 167 v.
1345 127 1399 166 43

24 241 180 292 Illyrio,
214 243 398 287 maiorem
434 241 631 292 aliquanto
661 241 871 280 exercitum
901 240 1092 289 habente,
1130 239 1309 279 amolitus
1333 240 1400 278 im·

23 297 154 337 belles
181 309 358 347 suorum,
384 299 422 336 in
450 298 613 336 vicinam
640 298 840 347 regionem
870 296 1052 335 Aetoliae
1081 296 1218 336 famam
1243 297 1400 347 sparsit,

25 359 214 406 tamquam
241 353 359 393 urbes
383 366 430 392 ac
458 365 523 392 res
543 365 633 393 suas
649 353 802 392 Aetolis
827 353 1086 392 concederet:
1118 353 1204 404 ipse
1226 364 1311 390 cum
1338 352 1400 401 iis,

25 410 91 461 qui
126 421 230 448 arma
265 410 369 449 ferre
401 415 602 461 poterant,
637 409 794 448 insidias
822 410 859 448 in
886 409 1079 448 montibus
1114 415 1154 447 et
1181 408 1280 458 locis
1310 413 1402 447 'con-

24 465 194 516 fragosis
215 465 419 505 distribuit.
479 465 599 514 lllyrii
614 466 815 514 timentes,
833 477 882 503 ne
897 477 997 516 quae
1014 464 1274 504 Molossorum
1295 470 1405 503 erant

24 521 73 560 ab
102 521 255 560 Aetolis
278 527 582 574 occuparentur,
608 522 715 560 velut
740 521 787 560 ad
811 521 992 573 praedam
1017 521 1244 560 festinantes
1268 521 1402 571 negle-

25 579 98 616 ctis
121 577 318 616 ordinibus
333 578 560 617 adcelerare
585 583 817 629 coeperunt:
846 589 945 629 quos
960 578 1193 629 dissipatos,
1210 577 1302 616 nihil
1326 576 1403 616 tale

27 639 323 685 exspectantes,
351 633 504 683 Arybas
533 646 584 673 ex
612 633 759 672 insidiis
789 633 886 672 fudit
909 634 1149 685 fugavitque.
1383 645 1387 648 ·

138 688 204 728 20.
263 689 307 728 T.
335 689 527 728 Labienus
555 687 599 735 G.
633 689 814 729 Caesaris
843 689 1017 740 legatus,
1052 689 1240 729 adversus
1270 687 1405 728 Gallos
1452 711 1459 723 ,

27 749 117 783 ante
143 745 344 785 adventum
374 745 669 793 Germanorum,
706 757 806 797 quos
831 746 975 784 auxilio
1004 746 1064 784 his
1087 752 1273 785 venturos
1303 746 1404 784 scie·

28 799 114 849 bat,
153 801 365 851 confligere
407 802 565 852 cupiens
593 802 851 855 ‘diffidentiam
882 802 1093 851 simulavit,
1125 803 1341 854 positisque
1367 802 1404 839 in

29 856 182 895 diversa
218 857 302 908 ripa
336 858 472 896 castris
509 857 790 907 profectionem
829 858 948 896 edixit
982 859 1021 896 in
1056 864 1256 909 posterum
1292 858 1405 896 diem.

30 911 130 951 Galli
155 912 360 951 credentes
390 925 476 951 eum
500 913 660 962 fugere,
693 913 832 951 flumen
864 914 967 964 quod
995 915 1162 953 medium
1193 920 1276 952 erat
1301 914 1406 952 insti-

30 973 182 1006 tuerunt
211 969 505 1007 transmittere:
543 968 753 1018 Labienus,
794 970 1029 1008 circumacto
1073 971 1271 1018 exercitu,
1310 971 1409 1008 inter

30 1024 135 1075 ipsas
160 1025 368 1076 superandi
391 1026 510 1063 amnis
538 1024 785 1064 difficultates
812 1036 882 1063 eos
915 1026 1067 1065 cecidit.

142 1078 209 1119 21.
266 1079 476 1129 Hannibal,
504 1093 589 1119 cum
618 1081 865 1132 explorasset
890 1082 1136 1132 negligenter
1162 1087 1287 1120 castra
1318 1080 1349 1120 F
1354 1081 1408 1120 ul-

29 1135 81 1174 vii
96 1135 257 1174 Romani
272 1136 381 1175 ducis
395 1138 556 1185 munita,
581 1138 703 1189 ipsum
723 1143 927 1188 praeterea
948 1138 1064 1177 multa
1084 1143 1232 1176 temere
1248 1136 1409 1187 audere,

31 1192 150 1243 prima
174 1191 284 1242 luce,
315 1205 400 1231 cum
427 1193 632 1232 densiores
656 1193 821 1232 nebulae
849 1200 1094 1245 praestarent
1118 1194 1408 1242 obscuritatem,

31 1259 179 1295 paucos
209 1249 360 1300 equites
390 1249 637 1291 munitionum
664 1255 878 1288 nostrarum
905 1250 1086 1300 vigilibus
1110 1249 1300 1296 ostendit:
1332 1261 1408 1301 quo

29 1303 186 1343 Fulvius
209 1310 371 1355 repente
390 1306 510 1343 movit
538 1307 763 1344 exercitum.
823 1305 1011 1345 Hannibal
1031 1318 1103 1357 per
1126 1318 1303 1345 aversam
1320 1318 1409 1358 par-

30 1365 106 1398 tem
135 1366 262 1399 castra
288 1361 371 1399 eius
392 1362 622 1412 occupavit,
648 1368 687 1400 et
714 1361 781 1400 illa
803 1362 840 1400 in
866 1368 1017 1413 tergum
1041 1362 1296 1401 Romanorum
1314 1362 1410 1402 effu·

31 1427 119 1464 sus,
149 1422 239 1454 octo
255 1417 358 1459 milia
379 1417 671 1456 fortissimorum
687 1417 845 1456 militum
864 1431 948 1457 cum
966 1413 1052 1470 ipso
1069 1419 1168 1457 duce
1190 1415 1406 1458 trucidavit.

140 1471 209 1510 22.
265 1472 372 1511 Idem
404 1472 611 1522 Hannibal,
650 1485 734 1512 cum
766 1475 866 1512 inter
907 1474 1066 1513 Fabium
1101 1475 1331 1513 dictatorem
1370 1480 1411 1513 et

30 1525 234 1566 Minucium
268 1529 488 1578 magistrum
521 1530 690 1580 equitum
724 1529 868 1568 divisus
905 1536 1014 1568 esset
1043 1531 1238 1569 exercitus
1272 1537 1312 1569 et
1337 1530 1409 1570 Fa·

31 1582 118 1620 hius
160 1584 430 1622 occasionIbus
475 1585 709 1633 immineret,
743 1584 932 1624 Minucius
968 1587 1162 1637 pugnandi
1201 1583 1409 1638 cupiditate

32 1637 236 1688 flagraret,
275 1646 400 1678 castra
430 1640 468 1677 in
501 1652 636 1691 campo
667 1641 732 1692 qui
759 1641 908 1679 medius
936 1642 1035 1680 inter
1063 1642 1198 1680 hostes
1227 1648 1310 1680 erat
1340 1654 1409 1693 po-

34 1693 128 1736 suit:
159 1699 198 1732 et
228 1706 313 1733 cum
342 1701 490 1746 partem
513 1695 681 1746 peditum
708 1696 745 1733 in
767 1697 1013 1747 confragosis
1040 1698 1202 1749 rupibus
1224 1698 1410 1747 celasset,

35 1749 120 1799 ipse
150 1749 197 1787 ad
233 1750 470 1789 evocandum
494 1750 646 1789 hostem
673 1752 774 1790 misit
803 1753 867 1803 qui
892 1754 1106 1804 proximum
1133 1753 1316 1796 tumulum
1343 1766 1410 1794 oc·

35 1811 240 1855 cuparent:
276 1805 323 1844 ad
354 1817 453 1856 quos
481 1805 754 1856 obprimendos
786 1801 870 1847 c‘um
900 1809 1101 1848 eduxisset
1129 1810 1264 1861 copias
1289 1809 1410 1849 Minu-

34 1860 136 1908 cius,
180 1861 424 1899 insidiatores
453 1861 501 1900 ab
530 1861 741 1901 Hannibale
782 1864 958 1915 dispositi
997 1865 1123 1904 subito
1153 1877 1409 1906 consurrexe-

34 1921 142 1965 runt,
174 1922 214 1954 et
245 1916 443 1955 delessent
472 1916 626 1956 Minucii
656 1920 892 1970 exercitum,
921 1922 993 1960 nisi
1017 1921 1160 1960 Fabius
1187 1922 1410 1973 periclitan-

33 1970 134 2010 tibus
164 1971 420 2011 subvenisset.
1078 2011 1095 2029 ,

145 2026 212 2067 23.
271 2028 377 2067 Idem
406 2027 614 2077 Hannibal,
646 2041 731 2068 cum
761 2030 809 2070 ad
826 2030 1005 2072 Trebiam
1032 2034 1070 2072 in
1100 2042 1315 2087 conspectu
1346 2036 1409 2074 ha-

33 2081 145 2122 beret
184 2085 403 2135 Sempronii
438 2084 559 2134 Longi
598 2086 769 2124 consulis
800 2093 950 2138 castra,
987 2091 1116 2129 medio
1155 2103 1265 2130 amne
1293 2093 1409 2129 inter-

34 2137 195 2188 fluente,
220 2142 444 2179 saevissima
460 2140 585 2179 bieme
602 2139 804 2191 Magonem
821 2149 860 2182 et
874 2144 1027 2184 electos
1043 2147 1080 2196 in
1103 2147 1249 2186 insidiis
1266 2148 1394 2197 posuit

32 2192 183 2233 Deinde
198 2195 380 2235 Numidas
406 2197 558 2248 equites
583 2196 631 2235 ad
657 2197 883 2238 eliciendam
898 2201 1117 2252 Sempronii
1144 2202 1409 2241 credulitatem

35 2248 258 2300 adequitare
292 2252 396 2291 vallo
435 2253 518 2291 eius
546 2253 677 2297 iussit:
716 2253 853 2304 quibus
868 2264 1158 2309 praeceperat,
1185 2263 1225 2295 ut
1254 2257 1301 2296 ad
1331 2259 1408 2307 pri-

34 2316 132 2344 mum
172 2305 388 2347 nostrornm
423 2310 613 2348 incursum
653 2320 725 2360 per
759 2316 849 2350 nota
879 2312 1113 2363 refugerent
1148 2312 1259 2351 vada.
1326 2312 1407 2352 Hos
