1566 2496
1548 0 1566 71 1

1557 74 1566 136 l

127 112 180 152 56
570 122 670 154 sex.
703 124 820 155 1UL11
850 125 1076 158 monum

124 238 307 278 gressus,
340 226 463 265 altera
493 228 714 267 eorumdem
746 236 869 268 castra
898 231 1048 271 invasit.
1105 230 1162 272 Ita
1187 231 1248 271 bis
1274 234 1388 273 simili
1416 247 1508 274 usus
1560 258 1566 295 5

126 289 289 331 eventu,
330 282 470 321 deletis
509 284 714 336 utrobique
752 285 914 336 Poenis,
954 287 1114 327 amissas
1151 289 1297 341 populo
1335 290 1507 331 Romano
1562 299 1566 312 ¹

123 340 328 392 Hispanias
355 340 535 379 restituit.

663 453 692 493 C
708 454 864 495 APUT
901 455 975 495 XI.

259 541 321 570 DE
350 540 594 572 mmmmm
628 542 792 573 ANIffls
832 543 881 573 m
915 544 1026 575 mm:
1054 541 1353 579 RETINENms}

237 624 272 661 1.
333 622 373 661 Ρ.
393 622 573 661 Valerius
592 622 797 675 Epidauri,
830 624 966 663 timens
989 626 1266 677 oppidanorum
1287 629 1501 680 perfidiam,

121 680 207 731 quia
235 691 365 730 parum
385 679 567 730 praesidii
593 679 780 730 habebat,
812 682 1013 731 gymnicos
1033 682 1145 722 ludos
1171 684 1310 735 procul
1336 685 1384 724 ab
1406 685 1503 725 urbe

119 735 330 787 adparavit.
393 735 478 783 Quo
520 749 603 775 cum
639 737 761 775 omnis
801 737 885 776 fere
921 738 1120 778 multitudo
1157 741 1359 791 spectandi
1387 753 1502 781 causa

119 794 288 839 exisset,
323 791 460 831 clausit
489 798 647 844 portas,
677 805 750 832 ncc
777 794 814 831 in
841 805 908 832 eas
937 800 1048 834 antea
1078 795 1228 835 admisit
1255 796 1501 849 Epidaurios,

119 861 229 900 quam
257 848 415 887 obsides
445 861 465 887 a
498 849 733 900 principibus
765 850 976 901 acciperet.

231 903 269 942 2.
332 903 402 943 Cn.
438 904 667 956 Pompeius,
708 918 792 944 cum
829 913 1035 958 suspectos
1076 907 1238 947 haberet
1277 907 1502 950 Cauceuses

118 968 155 1000 et
185 967 407 1010 vereretur,
436 973 484 1000 ne
514 962 746 1012 praesidium
767 974 842 1001 non
867 964 1111 1015 reciperent,
1143 965 1252 1016 petiit
1273 965 1321 1004 ab
1349 967 1432 1016 eis,
1460 973 1501 1006 ut

117 1029 260 1068 aegros
291 1018 440 1056 interim
470 1017 570 1069 apud
609 1031 651 1056 se
691 1018 799 1057 refici
831 1025 1074 1070 paterentur;
1112 1020 1330 1061 fortissimis
1361 1022 1500 1062 deinde

114 1074 243 1113 habitu
282 1073 542 1124 languentium
577 1075 724 1124 missis,
766 1075 958 1115 civitatem
986 1077 1192 1128 occupavit
1223 1079 1498 1130 continuitque.

228 1129 266 1170 3.
328 1129 575 1181 Alexander,
624 1131 777 1170 devicta
819 1133 1111 1184 perdomitaque
1159 1132 1322 1173 Thracia
1360 1141 1500 1186 petens

114 1187 270 1236 Asiam,
302 1187 449 1226 veritus
487 1199 536 1226 ne
578 1193 664 1239 post
699 1188 819 1239 ipsius
858 1189 1072 1228 discessum
1107 1196 1347 1235 sumerentur
1380 1203 1498 1241 arma,

114 1255 232 1294 reges
258 1255 389 1282 eorum
409 1243 709 1294 praefectosque
731 1250 769 1283 et
790 1256 923 1283 omnes
941 1275 951 1295 ,
984 1245 1122 1296 quibus
1141 1246 1344 1286 videbatur
1368 1248 1500 1287 inesse

116 1311 206 1339 cura
242 1300 441 1338 detractae
478 1299 688 1349 libertatis,
728 1313 860 1339 secum
896 1301 1001 1340 velut
1030 1301 1188 1341 honoris
1219 1315 1336 1342 causa
1363 1305 1498 1349 traxit;

114 1355 349 1406 ignobilibus
379 1362 503 1394 autem
534 1356 681 1394 relictis
710 1356 890 1406 plebeios
921 1357 1130 1408 praefecit,
1163 1366 1417 1410 consecutus,
1445 1360 1498 1399 uti
1564 1360 1566 1363 ’

115 1413 312 1463 principes
343 1407 544 1450 beneficiis
576 1412 658 1449 eius
692 1411 869 1451 obstricti
897 1413 988 1451 nihil
1020 1425 1164 1452 novare
1194 1414 1355 1466 vellent,
1384 1415 1499 1468 plebs
1552 1437 1562 1448 κ

115 1479 212 1507 vero
242 1480 289 1507 ne
316 1473 450 1518 posset
483 1467 657 1518 quidem,
691 1468 855 1519 spoliata
887 1469 1137 1519 principibus.
1543 1480 1545 1482 ·

226 1525 264 1562 4.
324 1523 548 1575 Antipater,
589 1530 802 1575 conspecto
840 1526 970 1575 priore
1007 1524 1267 1564 Bottiaeorum
1308 1527 1496 1577 exercitu,

114 1581 177 1632 qui
204 1580 329 1619 audita
359 1586 482 1618 morte
506 1579 718 1619 Alexandri
748 1580 795 1619 ad
811 1580 1065 1620 infestandum
1087 1582 1285 1634 imperium
1303 1583 1385 1622 eius
1407 1595 1498 1633 con·

111 1637 321 1686 fluxerant,
354 1636 595 1675 dissimulans
626 1637 727 1675 scire
755 1649 822 1687 se,
854 1649 927 1688 qua
952 1643 1079 1676 mente
1103 1639 1323 1690 venissent,
1353 1640 1498 1690 gratias
1559 1652 1566 1656 ·

111 1693 170 1732 his
202 1694 306 1744 egit,
339 1693 442 1745 quod
471 1693 518 1731 ad
545 1693 725 1731 auxilium
752 1692 952 1732 ferendum
977 1693 1200 1734 Alexandro
1224 1695 1412 1735 adversus
1427 1695 1497 1735 La-

112 1750 387 1788 cedaemonios
420 1749 712 1798 convenissent,
746 1749 964 1801 adiecitque
996 1750 1032 1789 id
1063 1763 1106 1789 se
1136 1751 1222 1801 regi
1247 1752 1496 1803 scripturum:

112 1811 284 1844 ceterum
314 1807 443 1857 ipsos,
472 1806 557 1857 quia
589 1805 660 1843 sibi
689 1817 808 1856 opera
840 1818 971 1845 eorum
1002 1807 1039 1845 in
1068 1808 1263 1859 praesenti
1289 1819 1364 1846 non
1391 1814 1498 1847 esset

110 1862 355 1911 necessaria,
389 1861 537 1900 abirent
561 1861 696 1900 domos
721 1862 893 1901 hortatus
922 1869 1006 1901 est:
1047 1869 1085 1902 et
1102 1863 1175 1902 hac
1199 1863 1497 1904 adseveratione

111 1918 346 1970 periculum,
380 1918 481 1968 quod
512 1930 561 1956 ex
591 1919 762 1957 novitate
792 1931 918 1957 rerum
945 1918 1186 1968 imminebat,
1216 1919 1408 1959 discussit.

225 1974 262 2012 5.
324 1975 456 2025 Scipio
495 1973 700 2012 Africanus
740 1976 776 2013 in
813 1974 1018 2027 Hispania,
1060 1988 1144 2014 cum
1182 1976 1282 2015 inter
1322 1976 1495 2027 captivas

111 2030 273 2068 eximiae
302 2029 449 2068 formae
481 2030 593 2079 virgo
619 2030 757 2069 nubilis
785 2030 831 2070 ad
856 2044 941 2070 eum
968 2031 1154 2082 perducta
1179 2038 1286 2071 esset
1312 2032 1493 2070 omnium-

111 2098 186 2138 que
211 2086 348 2124 oculos
374 2086 409 2123 in
437 2082 487 2124 se‘
503 2093 771 2136 converteret,
802 2099 944 2126 summa
967 2088 1141 2127 custodia
1158 2087 1322 2126 habitam
1347 2099 1493 2139 sponso

110 2143 263 2181 nomine
296 2141 451 2180 Allucio
489 2141 671 2187 reddidit;
713 2144 949 2195 insuperque
987 2155 1140 2192 aurum,
1181 2142 1283 2193 quod
1311 2150 1493 2194 parentes

111 2199 194 2238 eius
230 2197 465 2249 redempturi
503 2199 692 2248 captivam
725 2200 863 2238 donum
894 2200 1068 2251 Scipioni
1098 2198 1334 2247 adtulerant,
1367 2199 1492 2239 eidem

112 2266 258 2306 sponso
296 2265 367 2306 pro
406 2251 569 2305 nuptiali
605 2266 763 2294 munere
798 2255 916 2295 dedit.
979 2255 1063 2303 Qua
1093 2253 1290 2305 multiplici
1319 2255 1490 2306 magnifi-

112 2312 236 2351 centia
266 2311 443 2350 universa
477 2322 574 2361 gens
614 2311 715 2349 victa
751 2312 912 2364 imperio
951 2311 1084 2364 populi
1113 2309 1273 2350 Romani
1306 2311 1487 2351 accessit.
