1566 2496
127 129 179 172 34
574 138 820 171 ssx.1u1,11
849 141 1074 172 FRONTINI

243 242 307 280 11.
368 243 565 282 Sertorius
581 243 680 282 idem
706 245 743 283 in
759 244 941 296 Hispania
958 245 1150 285 adversus
1166 245 1390 299 Pompeium
1405 247 1512 288 fecit.

243 298 308 337 12.
369 298 620 339 Cleandridas
640 299 970 340 Lacedaemonius
1001 302 1188 342 adversus
1211 299 1394 344 Lucanos
1420 305 1511 345 den·
1560 335 1566 376 3

127 367 209 394 sam
231 355 410 394 instruxit
440 356 586 406 aciem,
619 356 659 395 ut
680 357 797 408 longe
816 359 978 397 minoris
990 359 1185 398 exercitus
1205 362 1378 411 speciem
1397 374 1510 413 prae-

124 411 251 450 beret.
313 413 472 451 Securis
507 413 648 452 deinde
687 413 886 464 hostibus,
920 415 957 454 in
992 415 1078 466 ipso
1120 417 1328 456 certamine
1366 418 1513 458 diduxit

125 468 284 509 ordines
316 475 355 508 et
385 481 406 508 a
438 468 625 508 lateribus
655 471 938 511 circumventos
970 483 1040 510 eos
1067 471 1413 514 fudit..

241 526 306 566 13.
368 525 532 565 Gastron
561 526 913 578 Lacedaemonius,
942 539 1024 567 cum
1050 528 1193 574 auxilio
1213 528 1422 580 Aegyptiis
1444 527 1510 569 ad·

124 594 263 620 versus
301 582 440 621 Persas
475 584 649 622 venisset
687 590 726 626 et
765 585 911 634 sciret,
948 584 1154 623 firmiorem
1192 598 1283 624 esse
1321 584 1508 624 Graecum
1555 607 1557 610 .

123 638 283 678 militem
311 639 512 690 magisque
546 651 568 678 a
597 639 726 678 Persis
756 641 904 690 timeri}
934 642 1172 680 commutatis
1196 642 1311 681 armis
1336 640 1510 682 Graecos

123 697 161 733 in
200 697 320 746 prima
358 696 488 746 posuit
527 696 634 746 acie,
672 702 710 735 et
752 709 836 735 cum
875 697 930 736 illi
967 709 1093 749 aequo
1124 697 1246 737 Marte
1277 704 1508 750 pugnarent,

124 751 300 790 submisit
329 751 611 803 Aegyptiorum
657 764 820 792 manum.
880 753 1026 793 Persae
1066 765 1150 792 cum
1189 753 1370 803 GraeciS,
1410 766 1508 805 quos
1562 793 1566 807 Α.

121 809 344 860 Aegyptios
361 809 634 859 opinabantur,
663 810 915 859 restitissent,
937 811 1234 862 superveniente
1254 811 1509 860 multitudine,

124 877 235 916 quam
266 871 306 903 ut
338 864 575 904 Graecorum
604 873 866 917 expaverant,
897 872 1112 906 cesserunt.

240 923 303 961 14.
365 920 434 963 Cn.
466 922 673 973 Pompeius
710 923 746 960 in
785 922 971 972 Albania,
1011 924 1098 975 quia
1139 922 1275 963 hostes
1311 923 1507 963 innumero

124 979 295 1029 equitatu
325 978 625 1029 praevalebant,
655 978 808 1030 pedites
838 991 930 1018 suos
956 981 1059 1018 iuxta
1089 979 1232 1019 collem
1263 979 1302 1018 in
1327 979 1510 1030 angustiis

120 1041 334 1087 protegere
365 1035 521 1085 galeas,
550 1047 598 1074 ne
628 1035 783 1086 fulgore
812 1048 941 1074 earum
969 1037 1169 1087 conspicui
1197 1036 1354 1085 fierent,
1385 1034 1508 1084 iussit,
1554 1048 1557 1050 ·

122 1092 274 1143 equites
313 1091 453 1130 deinde
489 1093 526 1130 in
565 1104 729 1143 aequum
768 1093 988 1144 procedere
1026 1105 1072 1131 ac
1107 1093 1214 1137 velut
1250 1091 1512 1143 praetendere=
1556 1099 1558 1101 “

121 1147 336 1200 peditibus;
367 1142 654 1200 praecepitque
681 1150 760 1197 eis,
793 1155 832 1187 ut
863 1149 911 1192 ad
940 1149 1099 1200 primum
1130 1150 1311 1199 impetum
1341 1147 1506 1186 hostium
1552 1175 1557 1185 ‚

119 1205 349 1255 refugerent
376 1211 435 1254 et,
467 1205 578 1243 simul
605 1205 651 1243 ad
675 1205 828 1256 pedites
847 1211 1001 1244 ventum
1024 1211 1151 1254 esset,
1182 1205 1219 1242 in
1239 1204 1360 1243 latera
1381 1204 1506 1243 disce-

122 1261 272 1300 derent.
335 1260 449 1309 Quod
475 1261 539 1300 ubi
570 1261 793 1312 explicitum
824 1265 906 1310 est,
939 1260 1136 1312 patefacto
1168 1260 1258 1299 loco
1285 1259 1409 1299 subita
1438 1272 1505 1311 pe·
1552 1291 1556 1298 .

120 1318 237 1356 ditum
268 1318 512 1355 consurrexit
542 1318 648 1355 acies
686 1318 940 1368 invectosque
971 1323 1118 1356 temere
1146 1317 1282 1356 hostes
1310 1317 1506 1368 inopinato
1539 1321 1551 1334 ‘

119 1373 307 1416 interfusa
333 1373 486 1424 proelio
517 1373 670 1412 cecidit.

236 1430 300 1469 15.
360 1428 411 1467 Μ.
444 1428 634 1467 Antonius
656 1429 842 1468 adversus
863 1428 1046 1489 Parthos),
1078 1430 1142 1481 qui
1170 1429 1312 1468 infinita
1339 1429 1505 1468 multitu-

119 1485 207 1524 dine
236 1487 459 1536 sagittarum
491 1486 703 1524 exercitum
729 1487 811 1524 eius
840 1459 1076 1534 obruebant,
1113 1485 1317 1524 subsidere
1347 1496 1440 1529 suos
1466 1491 1506 1524 et

118 1542 351 1580 testudinem
382 1542 513 1580 facere
543 1543 672 1587 iussit:
706 1554 822 1594 supra
849 1553 961 1592 quam
986 1543 1218 1581 transmissis
1245 1542 1409 1592 sagittis
1421 1542 1505 1580 sine
1547 1539 1551 1555 ²

118 1598 278 1637 militum
308 1610 409 1637 noxa
438 1598 647 1637 exhaustus
677 1604 736 1637 est
764 1598 899 1636 hostis.

236 1655 299 1695 16.
359 1654 546 1693 Hannibal
567 1655 753 1694 adversus
783 1655 1006 1706 Scipionem
1029 1655 1066 1693 in
1090 1653 1245 1702 Africa,
1278 1665 1363 1692 cum
1387 1652 1505 1692 habe·

118 1717 179 1749 ret
217 1713 430 1750 exercitum
467 1723 516 1749 ex
553 1711 693 1750 Poenis
728 1717 767 1750 et
806 1710 1076 1758 auxiliaribus,
1116 1721 1287 1761 quorum.
1308 1721 1402 1761 pars
1429 1721 1506 1748 non
1551 1725 1554 1730 ¹

120 1768 246 1805 solum
286 1780 336 1806 ex
375 1768 541 1806 diversis
573 1768 753 1819 populis,
791 1768 861 1806 sed
893 1768 1007 1806 etiam
1039 1780 1088 1806 ex
1117 1765 1260 1806 Italicis
1289 1765 1505 1814 constabat,
1542 1781 1549 1786 ⁴

118 1830 208 1874 post
237 1824 468 1875 elephantos
499 1826 720 1874 octoginta,
753 1826 816 1875 qui
844 1825 881 1862 in
901 1824 1022 1875 prima
1049 1823 1178 1862 fronte
1199 1822 1316 1873 positi
1342 1821 1504 1861 hostium

119 1879 317 1918 turbarent
344 1882 489 1929 aciem,
522 1881 729 1919 auxiliares
751 1880 883 1919 Gallos
904 1886 943 1918 et
957 1880 1120 1930 Ligures
1143 1884 1182 1918 et
1197 1877 1382 1918 Baleares
1401 1877 1504 1928 Mau-

117 1947 264 1987 rosque
292 1938 441 1987 posuit,
479 1942 519 1974 ut
549 1937 688 1987 fugere
718 1949 794 1975 non
821 1942 1004 1988 possent,
1041 1935 1182 1987 Poenis
1213 1946 1234 1974 a
1260 1941 1373 1984 tergo
1404 1939 1504 1972 stan-

118 1991 242 2041 tibus,
284 1998 322 2030 et
357 1992 508 2031 hostem
548 1993 717 2043 obpositi
757 1994 789 2030 si
820 2005 897 2031 non
926 1993 1175 2041 infestarent,
1215 1997 1253 2030 at
1281 1995 1390 2029 certe
1418 1989 1504 2028 fati-

119 2054 276 2099 garent:
318 2054 394 2086 tum
426 2050 503 2087 suis
542 2054 579 2087 ct
607 2048 908 2098 Macedonibus,
950 2050 1015 2100 qui
1052 2049 1126 2087 iam
1154 2047 1284 2087 fessos
1308 2045 1505 2085 Romanos

117 2105 259 2154 integri
295 2106 545 2155 exciperent,
584 2106 621 2143 in
662 2106 833 2144 secunda
868 2107 953 2143 acie
989 2105 1230 2152 conlocatis,
1271 2102 1504 2140 novissimos

117 2160 276 2199 Italicos
309 2161 525 2210 constituit,
554 2173 716 2211 quorum
747 2168 784 2200 et
814 2161 972 2200 timebat
1003 2161 1115 2200 fidem
1140 2165 1179 2198 et
1208 2158 1416 2208 segnitiem·
1437 2170 1502 2196 ve-

119 2217 300 2267 rebatur,
328 2218 505 2268 quoniam
532 2217 744 2268 plerosque
764 2229 896 2256 eorum
914 2217 961 2256 ab
977 2217 1086 2256 Italia
1109 2216 1249 2261 invitos
1266 2219 1501 2253 extraxerat.

120 2274 253 2324 Scipio
283 2273 470 2313 adversus
499 2273 596 2312 hanc
629 2273 790 2312 formam
818 2273 938 2313 robur
970 2265 1137 2323 legionis
1173 2270 1314 2321 triplici
1348 2271 1433 2309 acie
1464 2270 1503 2308 in

119 2329 247 2368 fronte
279 2330 490 2370 ordinatum
528 2341 599 2382 per
628 2330 799 2369 hastatos
833 2336 871 2370 et
901 2330 1099 2385 principes
1126 2332 1165 2366 et
1192 2327 1348 2367 triarios
1376 2322 1500 2379 obpo-

1563 2417 1566 2454 -,
1554 2342 1566 2394 „w
1542 2230 1560 2333 ,ιι-
1552 2158 1553 2161 „
