1566 2496
146 143 196 180 70
588 148 688 180 SEX.
720 149 835 180 lULII
865 148 1087 180 FRONTINI

144 255 346 306 eruptione
378 253 559 293 Lacetani
589 253 706 293 facile
739 253 972 292 avertissent
1000 258 1039 291 et
1064 251 1260 302 fugientes
1284 249 1395 290 avide
1423 252 1523 290 inse-

144 311 219 349 cuti
253 317 407 360 essent,
437 310 513 349 illis
539 322 635 362 quas
664 309 929 348 occultaverat
955 307 1179 348 cohortibus
1199 307 1382 360 oppidum
1407 308 1524 359 cepit.

257 377 294 417 2.
360 377 400 416 L.
428 378 559 429 Scipio
588 379 625 416 in
651 377 847 425 Sardinia,
880 375 1075 414 cuiusdam
1104 376 1266 427 civitatis
1297 387 1369 427 per
1390 375 1524 429 tumul-

142 441 220 472 tum
250 434 386 473 relicta
409 434 697 485 obpugnatione
719 445 829 484 quam
858 433 1113 481 instruxerat,
1144 433 1317 483 speciem
1345 431 1526 483 fugientis

145 491 355 542 praestitit;
379 491 641 541 insecutisque
662 496 808 528 temere
829 489 1054 540 oppidanis,
1079 500 1150 540 per
1167 500 1238 527 eos
1259 499 1357 539 quos
1378 489 1416 527 in
1437 498 1526 540 pro-

144 548 246 586 ximo
279 547 545 586 occultaverat
575 546 758 599 oppidum
782 546 932 584 invasit.

259 615 296 652 3.
353 614 562 663 Hannibal,
596 626 681 653 cum
713 612 912 651 obsideret
943 612 1135 650 civitatem
1157 611 1370 658 Himeram,
1400 615 1527 649 castra

146 685 213 710 sua
240 671 327 722 capi
348 670 396 709 de
418 670 600 709 industria
624 682 762 722 passus
780 675 860 718 est,
888 669 1001 707 iussis
1029 668 1220 707 recedere
1250 667 1404 716 Poenis,
1433 672 1526 704 tam-

146 740 257 779 quam
287 727 537 778 praevaleret
563 727 699 765 hostis.
751 725 837 773 Quo
861 730 1001 763 eventu
1021 723 1236 762 Himeraeis
1255 724 1307 762 ita
1333 722 1525 773 deceptis,

145 790 185 822 ut
218 783 358 833 gaudio
389 783 542 834 impulsi
570 783 707 821 relicta
735 782 831 820 urbe
858 786 1132 832 procurrerent
1162 779 1210 819 ad
1240 779 1419 818 Punicum
1447 778 1526 817 val-

146 841 245 888 lum,
279 839 467 878 Hannibal
507 851 666 878 vacuam
704 837 840 877 urbem
877 849 950 888 per
987 848 1079 887 eos,
1117 847 1215 887 quos
1244 836 1282 874 in
1305 834 1452 874 insidiis
1480 834 1528 873 ad

146 897 243 935 hanc
274 897 396 947 ipsam
428 896 676 934 occasionem
706 900 912 946 posuerat,
945 894 1062 945 cepit.

258 965 295 1002 4.
353 962 480 1012 Idem,
520 969 560 1002 ut
589 964 829 1013 Segestanos
861 961 1045 1010 eliceret,
1085 972 1171 999 rara
1201 959 1291 1009 acie,
1324 958 1372 998 ad
1398 970 1528 998 muros

146 1020 363 1067 accedens,
392 1019 439 1058 ad
470 1020 642 1070 primam*
661 1019 903 1070 eruptionem
933 1017 1211 1069 oppidanorum
1235 1015 1410 1055 simulata
1438 1015 1529 1066 fuga

147 1077 285 1125 cessit,
323 1076 630 1127 interpositoque
667 1075 841 1114 exercitu
878 1074 925 1113 ab
963 1073 1108 1126 oppido
1139 1072 1371 1112 interclusos
1398 1084 1418 1111 a
1449 1072 1529 1110 suis

147 1133 283 1171 hostes
311 1133 348 1170 in
377 1132 503 1171 medio
533 1131 751 1171 trucidavit.

264 1200 281 1208 ιν

262 1212 300 1237 o.
360 1199 523 1238 Himilco
554 1197 881 1249 Carthaginiensis
902 1196 1002 1249 apud
1023 1196 1274 1247 Agrigentum
1294 1195 1399 1233 iuxta
1420 1195 1531 1246 oppi-

147 1257 234 1295 dum
265 1262 411 1307 partem
444 1256 639 1307 copiarum
670 1255 707 1292 in
737 1254 882 1292 insidiis
904 1253 1032 1305 posuit
1053 1252 1334 1304 praecepitque
1364 1250 1444 1299 his,
1473 1256 1526 1299 ut,

148 1324 234 1350 cum
254 1313 542 1364 processissent
558 1311 763 1362 oppidani,
792 1310 894 1361 ligna
914 1309 1065 1348 humida
1085 1308 1359 1347 incenderent:
1390 1306 1528 1346 deinde

148 1380 231 1407 cum
262 1368 412 1419 reliqua
446 1373 557 1419 parte
589 1368 783 1405 exercitus
814 1367 935 1417 prima
961 1365 1048 1404 luce
1079 1364 1126 1404 ad
1155 1363 1367 1402 eliciendos
1394 1362 1528 1402 hostes

146 1435 405 1475 progressus,
445 1423 620 1462 simulata
664 1422 755 1473 fuga
801 1427 1083 1473 persequentes
1123 1420 1339 1471 oppidanos
1377 1419 1529 1470 longius

147 1480 323 1520 cedendo
341 1479 541 1531 protraxit.
584 1478 835 1517 Insidiatores
853 1489 977 1529 prope
995 1477 1146 1515 moenia
1162 1477 1386 1526 imperatum
1403 1475 1529 1526 ignem

147 1537 241 1586 ligni
271 1537 423 1574 acervis
459 1534 727 1584 subiecerunt,
765 1534 864 1573 unde
903 1533 1080 1572 obortum
1117 1531 1365 1582 contemplati
1391 1531 1530 1570 fumum

147 1593 391 1642 Agrigentini
433 1592 627 1630 incensam
663 1592 853 1630 civitatem
891 1602 997 1628 suam
1027 1589 1357 1632 existimaverunt;
1396 1586 1529 1626 defen-

148 1649 378 1700 dendaeque
411 1649 493 1686 eius
522 1648 644 1699 gratia
670 1646 756 1686 dum
785 1646 937 1698 trepide
967 1650 1189 1693 recurrunt,
1221 1643 1347 1682 obviis
1380 1643 1437 1682 eis
1467 1642 1531 1694 qui

149 1705 315 1744 insidiati
346 1706 450 1743 iuxta
480 1715 610 1742 muros
641 1710 771 1752 erant,
803 1709 842 1742 et
871 1715 892 1742 a
917 1709 1029 1753 tergo
1056 1699 1282 1740 instantibus
1313 1710 1411 1751 quos
1442 1710 1530 1751 per·

150 1762 273 1799 secuti
300 1761 477 1810 fuerant,
507 1761 544 1798 in
573 1760 701 1798 medio
730 1760 908 1798 trucidati
933 1764 1032 1798 sunt.

263 1830 300 1866 6.
356 1828 571 1876 Viriathus,
606 1828 793 1878 disposito
820 1839 892 1878 per
920 1825 1074 1864 occulta
1099 1823 1218 1863 milite
1248 1833 1395 1874 paucos
1415 1821 1528 1869 misit,

151 1886 213 1935 qui
244 1884 445 1934 abigerent
471 1895 617 1935 pecora
642 1883 1008 1933 Segobrigensium:
1040 1880 1087 1919 ad
1108 1892 1207 1931 quae
1231 1879 1286 1918 illi
1304 1877 1532 1918 vindicanda

151 1952 236 1978 cum
270 1940 497 1990 frequenter
525 1940 862 1989 procucurrissent
886 1937 1185 1985 simulantesque
1211 1935 1339 1985 fugam
1369 1932 1530 1985 praeda-

151 2002 257 2034 tores
289 2000 641 2046 persequerentur,
674 1993 827 2032 deducti
857 1994 894 2030 in
921 1992 1076 2030 insidias
1108 1990 1291 2040 caesique
1322 1995 1417 2027 sunt.

265 2053 301 2090 7.
362 2050 559 2089 Scordisci
588 2051 762 2099 equites,
795 2061 878 2087 cum
900 2047 1116 2086 Heracleae
1136 2046 1291 2084 duarum
1316 2043 1529 2082 cohortium

153 2107 346 2159 praesidio
382 2107 629 2156 praepositus
668 2111 774 2143 esset
810 2104 1014 2151 Lucullus,
1051 2113 1197 2153 pecora
1227 2099 1386 2148 abigere
1417 2097 1529 2135 simu-

151 2165 275 2203 lantes
292 2166 553 2214 provocarunt
570 2162 827 2211 eruptionem;
858 2160 988 2210 fugam
1012 2157 1150 2198 deinde
1169 2154 1334 2202 mentiti,
1365 2165 1529 2204 sequen·

152 2227 229 2259 tem
258 2218 454 2258 Lucullum
494 2217 530 2255 in
564 2217 719 2255 insidias
751 2216 992 2255 deduxerunt
1022 2220 1061 2253 et
1090 2212 1334 2260 octingentos
1365 2221 1448 2247 cum
1479 2220 1528 2247 eo

153 2277 294 2315 milites
319 2274 555 2313 occiderunt.

267 2331 303 2370 S.
367 2328 512 2369 Chares
562 2327 638 2366 dux
682 2326 991 2374 Atheniensium,
1038 2323 1227 2362 civitatem
1274 2320 1531 2371 adgressurus
