1566 2496
187 185 252 216 m:
281 185 436 226 AQUAE
466 185 695 218 Dnc'rnms
726 186 859 217 nnms
890 186 1050 218 ROMAE
1083 186 1235 216 LIBER.
1329 178 1402 217 131

18 301 157 340 magno
194 289 337 329 auxilio
373 302 495 340 egere
534 290 728 342 incipiant.
788 289 1019 341 Plerumque
1061 295 1188 329 tamen
1228 289 1406 341 prudenti

19 352 323 398 temperamento
359 346 598 390 sustinenda;
639 347 726 397 quia
755 358 831 384 non
860 358 1017 398 semper
1046 357 1145 397 opus
1178 352 1242 385 aut
1271 346 1406 384 facere

19 408 84 442 aut
112 401 296 454 ampliare
327 401 601 455 quaerentibus
631 402 864 442 credendum
900 408 973 441 est.
1034 401 1208 454 Ideoque
1238 413 1314 440 non
1342 413 1405 440 so-

20 459 96 498 lum
126 459 286 499 scientia
311 459 544 512 peritorum,
573 458 645 498 sed
671 464 710 497 et
736 459 899 511 proprio
925 471 995 497 usu
1018 465 1174 498 curator
1194 460 1406 497 instructus

21 527 111 561 esse
149 515 286 565 debet,
330 527 405 555 nec
441 527 535 554 suae
571 521 713 554 tantum
751 516 925 554 stationis
961 515 1186 554 architectis
1215 515 1290 563 uti,
1335 514 1406 553 sed

20 571 184 624 plurium
222 571 418 611 advocare
455 583 531 610 non
567 572 689 610 minus
726 571 862 619 fidem,
907 583 1019 622 quam
1055 570 1327 619 subtilitatem,
1368 577 1405 608 ut

19 628 218 676 aestimet,
248 640 347 680 quae
377 627 727 679 repraesentanda,
759 639 858 679 quae
887 627 1098 666 differenda
1128 628 1225 676 sint,
1257 633 1295 665 et
1322 639 1404 665 rur-

21 695 109 733 suS,
149 696 247 736 quae
278 696 350 735 per
378 684 648 735 redemptores
682 684 785 723 effici
814 683 1003 733 debeant,
1040 695 1138 735 quae
1173 695 1246 735 per
1274 684 1404 722 dome—

21 739 142 778 sticos
187 740 368 779 artifices.
437 739 576 792 (120.)
635 739 853 779 Nascuntur
898 752 1019 791 opera
1061 753 1111 778 ex
1156 740 1215 778 his
1254 739 1404 779 causis:

21 801 83 835 aut
111 795 201 848 quid
230 802 423 835 vetustate
458 797 734 847 corrumpitur,
772 803 835 835 aut
863 797 1085 848 impotentia
1115 806 1404 848 possessorum,

21 857 86 891 aut
115 853 152 890 vi
179 858 471 903 tempestatum,
510 858 573 890 aut
603 852 718 903 culpa
748 852 847 890 male
876 852 968 890 facti
996 854 1151 903 operis,
1184 851 1289 904 quod
1318 863 1404 890 sae-

21 909 108 961 pius
144 909 285 948 accidit
317 909 354 947 in
384 908 620 947 recentibus.
681 907 821 959 (121)
881 907 981 946 Fere
1018 914 1083 946 aut
1115 914 1309 947 vetustate
1341 914 1405 947 aut

0 966 60 1003 rvi
98 970 366 1016 tempestatum
413 971 544 1016 partes
582 965 759 1003 ductuum
793 963 989 1012 laborant,
1038 975 1136 1015 quae
1176 964 1405 1003 arcuationi·

0 1016 93 1072 {bus
122 1022 355 1060 sustinentur
382 1027 446 1060 aut
475 1022 656 1059 montium
686 1019 871 1059 lateribus
903 1019 1119 1071 adplicatae
1151 1026 1258 1067 sunt,
1290 1025 1329 1058 et
1357 1031 1407 1058 ex

0 1077 306 1116 >arcus-tionibus
354 1089 448 1126 eae,
503 1089 600 1128 quae
640 1089 711 1128 per
750 1076 888 1114 flumen
927 1076 1163 1114 traiciuntur.
1231 1075 1405 1126 Ideoque

0 1130 118 1188 illaec
149 1145 271 1185 opera
298 1134 470 1172 sollicita
501 1133 747 1171 festinatione
779 1132 1008 1183 explicanda
1037 1138 1137 1170 sunt.
1194 1132 1318 1170 Minus
1351 1133 1405 1169 in-

0 1191 141 1245 4iuriae
170 1189 371 1229 subiacent
399 1189 670 1237 subterranea,
702 1201 774 1227 nec
802 1189 995 1238 gelicidiis
1022 1200 1096 1227 nec
1121 1188 1316 1227 caloribus
1339 1200 1405 1226 ex·

0 1246 161 1298 {posita
220 1245 339 1286 Vitia
349 1252 482 1284 autem
519 1245 704 1284 eiusmodi
741 1250 849 1294 sunt,
887 1251 927 1283 ut
958 1250 1021 1283 aut
1051 1256 1128 1283 non
1157 1244 1405 1295 interpellato

0 1300 145 1354 {aquae
166 1314 280 1340 cursu
297 1288 547 1340 subveniatur
568 1302 646 1349 eis,
670 1307 731 1340 aut
753 1299 946 1339 emendari
967 1301 1039 1339 nisi
1060 1313 1199 1339 averso
1220 1312 1297 1338 non
1314 1312 1404 1350 pos·

22 1359 111 1406 sint,
134 1359 233 1397 sicut
253 1370 312 1406 ea,
336 1370 434 1409 quae
454 1358 593 1408 inipso
611 1357 723 1396 alveo
742 1357 825 1395 fieri
845 1369 1011 1396 necesse
1028 1363 1100 1396 est.
1135 1356 1275 1407 (122.)
1297 1356 1407 1395 Haec

23 1412 167 1466 duplici
196 1427 245 1452 ex
277 1426 391 1452 causa
417 1420 644 1453 nascuntur:
677 1419 740 1452 aut
770 1414 868 1452 enim
891 1413 981 1452 limo
1004 1419 1309 1461 concrescente,
1341 1414 1405 1464 qui

22 1470 208 1509 interdum
244 1471 281 1508 in
319 1476 486 1508 crustam
527 1471 765 1518 indurescit,
809 1470 883 1508 iter
920 1482 1044 1520 aquae
1081 1475 1296 1511 coartatur;
1341 1475 1406 1507 aut

21 1527 185 1565 tectoria
209 1532 520 1577 corrumpuntur,
552 1527 651 1565 unde
674 1526 764 1564 liunt
787 1527 1045 1574 manationes,
1078 1525 1217 1576 quibus
1238 1537 1405 1563 necesse

25 1583 84 1621 est
119 1582 241 1621 latera
274 1583 440 1621 rivorum
477 1588 516 1620 et
554 1582 860 1620 substructiones
901 1582 1038 1619 vitiari.
1106 1581 1211 1619 Pilae
1248 1592 1404 1631 quoque

22 1639 133 1690 ipsae
162 1637 244 1676 tofo
277 1644 499 1676 exstructae
529 1638 598 1675 sub
621 1644 696 1675 tam
718 1647 855 1686 magno
879 1647 997 1674 onere
1020 1635 1209 1675 labuntur.
1265 1636 1404 1683 Refici,

25 1705 123 1744 quae
153 1694 255 1731 circa
285 1693 420 1731 alveos
447 1698 533 1731 sunt
561 1693 752 1741 rivorum,
791 1698 939 1730 aestate
969 1703 1044 1730 non
1076 1692 1239 1741 debent,
1271 1705 1319 1730 ne
1351 1693 1406 1730 in·

23 1749 250 1787 termittatur
270 1760 361 1786 usus
381 1754 578 1799 tempore,
605 1759 680 1799 quo
703 1749 912 1799 praecipue
934 1748 1194 1790 desideratur:
1225 1748 1295 1786 sed
1311 1760 1406 1786 vere

24 1803 90 1842 vel
119 1810 322 1852 autumno,
360 1810 398 1842 et
428 1805 588 1842 maxima
618 1816 702 1842 cum
731 1803 998 1853 festinatione,
1039 1811 1102 1853 ut,
1141 1804 1291 1843 scilicet
1317 1810 1405 1842 ante

26 1860 264 1910 praeparatis
304 1859 497 1909 omnibus,
542 1872 652 1910 quam
687 1861 925 1911 paucissimis
963 1860 1098 1899 diebus
1134 1861 1205 1898 rivi
1233 1866 1403 1899 cessent.

23 1915 222 1954 Neminem
252 1915 371 1966 fugit,
403 1928 474 1967 per
501 1916 675 1966 singulos
703 1916 838 1954 ductus
862 1916 937 1955 hoc
962 1929 1052 1955 esse
1077 1916 1313 1965 faciendum,
1341 1929 1403 1964 ne,

25 1974 58 2010 si
84 1971 216 2024 plnres
245 1973 390 2024 pariter
414 1978 654 2021 avertantur,
686 1972 785 2010 desit
807 1984 903 2023 aqua
926 1973 1083 2011 civitati.
1145 1972 1285 2024 (123.)
1333 1972 1403 2019 Ea,

25 2038 123 2080 quae
163 2039 238 2066 non
279 2028 524 2079 interpellato
565 2039 687 2079 aquae
728 2040 841 2066 cursu
884 2029 988 2067 effici
1030 2029 1195 2077 debent,
1241 2029 1403 2067 maxime

23 2088 215 2126 'structura
246 2090 443 2130 constant,
483 2096 593 2134 quam
623 2090 662 2122 et
692 2086 771 2122 suis
799 2084 1036 2135 temporibus
1067 2091 1106 2124 et
1134 2085 1289 2123 fidelem
1320 2084 1404 2121 lieri

26 2138 193 2190 oportet.
253 2140 435 2179 Idoneum
465 2146 679 2179 structurae
708 2147 857 2191 tempus
876 2147 936 2180 est
957 2153 978 2180 a
998 2140 1182 2180 Kalendis
1203 2138 1404 2190 Aprilibus

27 2195 65 2233 iu
90 2193 282 2246 Kalendas
311 2195 576 2235 Novembres:
606 2197 657 2235 ita
687 2202 727 2235 ut
758 2197 938 2247 optimum
964 2198 1012 2236 sit
1041 2197 1291 2236 intermittere
1321 2201 1404 2232 eam

27 2256 173 2302 partem
202 2253 381 2301 aestatis,
415 2264 514 2305 quae
543 2253 664 2290 nimiis
695 2251 889 2291 caloribus
910 2253 1167 2295 incandescit:
1201 2252 1286 2302 quia
1310 2256 1402 2288 tem·

27 2314 250 2356 peramento
282 2309 383 2348 coeli
413 2321 510 2360 opus
540 2314 619 2357 est,
650 2315 690 2347 ut
718 2320 767 2346 ex
797 2308 955 2348 humore
983 2307 1183 2347 commode
1215 2312 1404 2344 structura

27 2361 219 2402 combibat
238 2370 276 2403 et
296 2366 332 2403 in
352 2366 496 2404 unitate
518 2364 806 2403 corroboretur.
868 2364 953 2403 Non
973 2366 1095 2402 minus
1116 2369 1263 2411 autem,
1293 2374 1404 2413 quam

1063 2430 1119 2469 9*
