1566 2496
212 169 273 200 DE
303 167 457 208 AQUAE
486 166 714 199 Duc'rmus
745 166 877 198 mzms
908 166 1067 197 ROMAE
1096 164 1250 196 mmm.
1343 155 1419 196 123

45 273 166 313 verba
195 274 232 312 ci
280 272 451 323 >legis:)
483 270 519 310 id
550 276 611 309 est
633 282 741 322 »quae
772 282 823 309 ex
852 269 939 309 lacu
968 269 1194 308 abundavit:
1235 281 1319 308 eam
1350 276 1421 307 nos

48 284 454 370 caducamusscamus.
513 325 563 365 Et
591 326 688 366 haec
714 327 798 378 ipsa
827 338 904 364 non
930 327 967 364 in
996 326 1110 364 alium
1142 337 1271 374 usum,
1310 337 1421 376 quam

45 388 83 425 in
123 385 344 425 balnearum
382 389 421 422 et
457 383 724 422 fullonicarum
764 382 952 425 dabatur;
1002 387 1162 433 eratque
1202 381 1421 432 vectigalis,

47 448 184 482 statuta
219 439 423 489 mercede,
467 451 565 491 quae
603 439 640 477 in
677 438 835 490 publico
866 439 1172 490 impenderetur:
1211 436 1354 488 aliquid
1383 442 1423 476 et

46 499 83 537 in
112 498 248 538 domos
276 497 488 549 principum
514 495 679 534 civitatis
706 494 888 543 dabatur,
920 493 1224 533 concedentibus
1247 494 1421 545 reliquis.

148 553 229 595 45.
287 553 348 592 Au
382 564 496 604 quem
532 557 657 590 autern
691 552 950 602 magistratum
988 552 1045 589 ius
1076 550 1222 590 dandae
1255 550 1422 588 venden-

47 611 171 650 daeve
199 622 322 662 aquae
350 607 596 661 pertinuerit,
633 609 670 646 in
700 608 744 646 iis
775 608 869 658 ipsis
901 606 1054 658 legibus
1082 608 1268 645 variatur:
1307 607 1421 645 inter-

48 667 134 705 dum
153 667 252 704 enim
278 665 325 704 ab
355 663 564 712 aedilibus,
594 663 781 702 interdum
807 675 827 701 a
853 662 1081 702 censoribus
1111 664 1339 714 permissum
1368 663 1422 701 in·

48 723 182 765 venio;
222 721 291 760 sed
321 721 502 771 adparet,
543 721 718 770 quotiens
749 721 784 757 in
817 731 859 757 re
895 719 1049 770 publica
1083 730 1269 758 censores
1300 725 1422 767 erant,

50 777 98 816 ab
127 777 204 816 illis
230 777 466 828 potissimum
494 776 674 826 petitum,
705 787 789 814 cum
823 776 848 813 ii
878 787 954 814 non
978 782 1107 825 erant,
1140 775 1317 814 aedilium
1338 787 1422 813 eam

51 839 281 885 potestatem
314 832 448 871 fuisse.
507 830 567 869 Ex
604 843 680 882 quo
715 831 955 870 manifestum
992 838 1072 879 est,
1114 838 1256 883 quanto
1294 832 1423 883 potior

50 901 140 928 cura
163 888 371 928 maioribus
402 887 649 926 communium
675 887 873 926 utilitatum
903 899 1016 938 quam
1037 888 1267 939 privatarum
1287 888 1422 939 volup-

49 952 166 984 tatum
203 946 339 993 fue'rit,
380 955 464 982 cum
503 943 615 981 etiam
653 955 699 981 ea
738 955 860 994 aqua,
901 955 1014 994 quam
1050 944 1189 995 privati
1217 944 1421 993 ducebant,

53 1002 99 1041 ad
130 1013 238 1040 usum
262 1000 456 1053 publicum
484 999 706 1050 pertineret.

163 1057 230 1097 96.
289 1055 463 1095 Tutelam
492 1060 618 1093 autem
647 1055 880 1106 singularum
909 1067 1090 1107 aquarum
1117 1054 1240 1094 locari
1273 1055 1424 1094 solitam

51 1114 224 1162 invenio,
255 1113 496 1164 positamque
522 1111 830 1162 redemptoribus
859 1112 1155 1160 necessitatem,
1188 1117 1333 1149 certum
1357 1124 1423 1150 nu-

50 1181 193 1208 merum
231 1170 334 1208 circa
363 1168 500 1207 ductus
526 1173 635 1206 extra
662 1167 816 1218 urbem,
858 1174 1004 1206 certum
1033 1168 1071 1205 in
1099 1167 1193 1206 urbe
1224 1179 1424 1206 servorum

52 1225 229 1277 opificum
260 1224 447 1274 habendi,
481 1229 519 1262 et
546 1223 698 1274 quidem
728 1225 801 1273 ita,
837 1229 878 1262 ut
906 1225 1055 1262 nomina
1091 1235 1245 1275 quoque
1276 1235 1423 1272 eorum,

52 1293 151 1333 quos
182 1280 346 1320 habituri
375 1286 505 1318 essent
535 1280 572 1318 in
600 1280 811 1318 ministerio
842 1292 914 1331 per
943 1292 1115 1332 quasque
1143 1281 1350 1330 regiones,
1388 1280 1426 1317 in

2 1367 6 1370 .
50 1337 201 1376 tabulas
237 1336 413 1388 publicas
450 1335 665 1379 defen-eun
706 1347 915 1387 eorumque
953 1348 1111 1388 operum
1142 1335 1427 1387 probandorum

53 1393 182 1433 curam
211 1393 330 1432 fuisse
366 1404 485 1444 penes
517 1403 702 1430 censores
732 1392 937 1444 aliquando
968 1399 1006 1431 et
1035 1392 1206 1441 aediles,
1238 1392 1425 1430 interdum

53 1450 165 1488 etiam
190 1448 460 1501 quaestoribus
491 1460 576 1487 eam
602 1449 837 1499 provinciam
869 1448 1097 1497 obvenisse,
1131 1454 1171 1487 ut
1195 1449 1355 1500 adparet
1377 1461 1426 1487 ex

53 1511 208 1544 senatus
248 1504 447 1552 consulto,
495 1504 596 1555 quod
631 1505 772 1543 factum
814 1511 874 1543 est
913 1503 955 1543 C.
986 1504 1130 1543 Licinio
1166 1504 1347 1544 Caesulla
1386 1511 1425 1543 et

29 1574 35 1578 ·
56 1559 103 1609 Q.
129 1560 248 1599 Fabio
278 1560 518 1599 censoribus.

165 1616 232 1654 97.
293 1615 442 1662 Quanto
471 1627 594 1666 opere
623 1621 746 1653 autem
778 1628 893 1654 curae
922 1616 1059 1665 fuerit,
1092 1629 1141 1654 ne
1167 1617 1250 1668 quis
1276 1617 1426 1655 violare

59 1671 196 1709 ductus
234 1682 420 1721 aquamve
455 1682 531 1708 non
564 1682 790 1709 concessam
825 1671 999 1710 derivare
1034 1672 1217 1718 auderet,
1261 1685 1344 1710 cum
1376 1685 1426 1711 ex

55 1725 182 1763 multis
211 1725 399 1776 adparere
429 1731 584 1776 potest,
609 1732 686 1764 tum
707 1733 746 1764 et
769 1739 819 1765 ex
839 1727 936 1777 hoc,
967 1728 1069 1778 quod
1087 1727 1222 1767 Circus
1242 1728 1428 1768 Maximus

57 1792 105 1818 ne
131 1780 265 1819 diebus
291 1781 441 1831 quidem
471 1781 643 1819 ludorum
675 1780 910 1821 Circensium
934 1785 1006 1822 nisi
1040 1784 1217 1822 aedilium
1246 1790 1307 1823 aut
1338 1798 1427 1824 cen-

58 1847 185 1874 sorum
213 1837 400 1887 permissu
423 1836 670 1886 irrigabatur:
701 1838 802 1889 quod
822 1840 980 1879 durasse
1004 1842 1114 1878 etiam
1137 1847 1339 1892 postquam
1362 1854 1427 1880 res

58 1891 105 1930 ad
134 1898 331 1930 curatores
361 1893 508 1931 transiit
540 1893 610 1932 sub
638 1893 836 1944 Augusto,
877 1896 976 1946 apud
1002 1895 1170 1935 Atteium
1200 1895 1427 1948 Capitonem

58 1947 232 1998 legimus.
293 1947 387 1998 Agri
415 1959 533 1998 vern,
571 1950 634 1999 qui
662 1961 760 2000 aqua
790 1950 944 2002 publica
976 1959 1108 1990 contra
1139 1953 1267 2004 legem
1298 1960 1429 1992 essent

55 2003 221 2054 irrigati,
252 2003 553 2055 publicabantur.
612 2003 776 2058 Mancipi
805 2009 938 2056 etiam,
978 2009 1010 2045 si
1045 2010 1195 2047 omnino
1229 2010 1317 2060 quid
1347 2022 1427 2047 ser-

55 2071 126 2098 vus
150 2061 231 2098 eius
258 2060 442 2098 adversus
464 2060 592 2111 legem
613 2060 793 2110 fecisset,
820 2063 935 2101 multa
957 2064 1167 2103 dicebatur.
1227 2065 1269 2103 ln
1295 2065 1429 2103 iisdem

58 2114 206 2166 legibus
239 2116 427 2154 adiectum
452 2121 512 2154 est
537 2116 609 2163 ita:
638 2125 700 2156 NE
730 2126 835 2165 QUIS
865 2128 1027 2166 AQUAM
1054 2129 1268 2160 oLE'rATo
1299 2129 1428 2159 Dono

57 2179 205 2222 HALO,
250 2181 329 2210 UBI
371 2180 567 2211 PUBLICE
605 2180 783 2213 SALIET.
842 2183 884 2214 SI
924 2184 1026 2223 QUIS
1069 2185 1320 2226 0LETAR1T,
1359 2184 1431 2215 SE-

58 2232 347 2267 STEn-rmnmu
373 2237 405 2266 x
432 2237 602 2267 mmm
624 2238 781 2268 MULTA
802 2239 932 2271 ESTo.
992 2231 1144 2271 Oletato
1171 2232 1319 2270 videtur
1341 2244 1430 2270 esse

59 2279 196 2321 olidam
231 2283 363 2322 facito.
424 2282 541 2322 Cuius
579 2285 637 2324 rei
672 2297 787 2325 causa
825 2287 972 2326 aediles
1012 2288 1166 2326 curules
1205 2287 1431 2326 iubebantur

58 2339 265 2386 pei-*vicos
301 2339 475 2390 singulos
505 2352 554 2379 ex
585 2340 654 2391 iis,
683 2341 747 2393 qui
777 2343 814 2381 in
837 2353 1070 2394 unoquoque
1097 2344 1186 2381 vico
1217 2342 1434 2382 habitarent
