1566 2496
108 103 171 132 VII
177 103 189 131 1
665 98 930 132 PRAEFATIO

109 209 266 245 Omnino
286 211 383 244 totus
404 208 509 243 locus
530 217 644 243 sanus
664 210 720 242 est
740 211 776 243 et
794 217 814 242 e
837 205 942 242 Livio
960 207 1139 252 sumptus,
1163 204 1225 252 qui
1240 203 1356 241 XXX.
1375 207 1421 243 35
1444 215 1500 240 re-

111 268 196 301 fert:
232 264 374 302 Deinde
410 263 615 300 auxiliares
648 267 733 299 ante
761 262 886 301 Carth.
915 263 1052 306 aciem,
1089 270 1137 298 ne
1170 281 1227 286 —
1255 260 1407 298 liberum
1437 269 1498 297 re-

108 325 252 368 ceptum
273 319 390 368 fuyae
417 319 611 360 haberent,-
651 319 759 355 simul
790 320 955 366 primum
982 317 1157 354 ardorem
1190 321 1299 365 atque
1330 319 1501 365 impetum

110 378 262 414 hostium
292 378 517 424 eaecipientes
542 376 766 424 fatiqarent3
794 385 851 420 ac,
877 376 911 411 si
935 374 1027 411 nihil
1048 374 1158 416 aliud.
1189 373 1397 411 vulneribus
1424 374 1501 410 suis

108 434 256 481 ferrum
298 433 424 470 hostile
457 433 677 469 hebetarent.
730 432 951 479 Interpretes
986 430 1059 467 hoc
1092 430 1349 478 neglexerunt.
1405 428 1502 474 Quia

110 490 309 526 Frontinus
338 495 410 526 tam
433 489 631 537 diligenter
652 493 801 525 secutus
822 492 878 524 est
897 487 1062 532 Livium,
1090 498 1137 523 ex
1154 497 1199 522 eo
1221 488 1331 524 etiam
1351 486 1446 522 infra
1466 489 1504 521 et

111 547 243 583 dextro
269 551 305 582 et
323 547 469 582 sinistro
485 549 696 593 permutare
713 556 788 581 non
810 544 990 581 dubitavi.
1027 543 1164 579 Locum
1185 553 1208 578 a
1226 543 1353 579 verbis
1374 546 1415 578 ut
1433 541 1502 589 fu-

110 613 198 649 gere
219 613 338 650 usque
362 602 412 638 ad
435 601 639 650 fatigarent
660 601 835 638 excidere
869 611 943 636 non
971 610 1106 647 posse,
1135 610 1183 635 ex
1213 599 1306 645 ipsis
1336 597 1513 635 Frontinir

114 660 238 695 verbis
262 658 399 707 (fessos
422 658 627 703 Romanos)
653 659 742 694 satis
763 658 1006 705 conspicuum
1028 660 1102 700 est,
1134 666 1246 703 quum
1266 666 1312 691 ea
1333 655 1382 691 ad
1411 653 1505 690 illud

109 716 275 763 fatigare
300 715 432 751 referri
469 726 625 752 necesse
647 715 704 750 sit.
745 708 763 766 Η
802 716 858 752 17.
895 714 935 750 in
962 713 1093 759 capit.)
1120 713 1159 748 in
1179 711 1317 748 deesse
1343 721 1419 746 non
1437 721 1505 757 po-

112 776 194 809 test.
217 766 234 824 H
258 782 330 819 per
350 772 477 818 levem)
500 777 538 807 ut
563 782 676 818 supra
700 775 764 810 16³
785 770 994 808 ordinatum
1014 778 1090 816 per
1107 768 1270 804 hastatos
1289 771 1359 804 etc.
1397 761 1417 818 Η
1449 766 1506 805 ἰη-

113 830 370 876 numerosque)
395 828 481 864 edd.
510 828 670 864 Italicae.
714 826 818 863 Leid.
840 838 898 874 pr.
917 834 1171 872 numerosque.
1228 824 1283 861 Cf.
1311 833 1425 870 supra
1445 825 1519 861 14-

112 886 152 921 In
182 886 316 921 ceteris
347 894 644 931 numeroso-sque.
686 878 704 935 Η
741 883 1022 927 instructuram)
1053 881 1180 917 Malim
1211 891 1232 917 e
1263 880 1379 922 bonis,
1399 879 1513 917 libris

112 945 350 978 structuram.
392 935 410 993 ΙΙ
446 944 502 979 20.
510 939 836 988 praefrinqerent)
861 938 1040 984 Quamvis
1061 937 1219 974 ridicuta
1236 946 1298 973 res
1318 935 1504 979 videatu'r,

115 1003 237 1034 tamen
258 997 518 1034 emendatione
536 1007 756 1033 succurrere
773 1007 848 1032 non
869 994 1003 1032 audeo.
1025 988 1044 1047 u
1061 997 1119 1032 22.
1142 994 1206 1041 qui
1221 995 1256 1028 et
1271 993 1362 1039 alv.)
1391 992 1506 1039 Vulg.

113 1054 220 1101 quoa.
244 1048 260 1106 Η
280 1056 367 1099 sex)
388 1066 455 1101 pro
488 1053 564 1097 sed,
586 1064 634 1089 ex
655 1052 827 1089 Caesaris
851 1051 1064 1088 narratione
1085 1049 1246 1086 ethonis
1267 1049 1370 1084 libris
1395 1059 1506 1095 repo-

115 1110 184 1147 sui.
245 1113 303 1149 23.
321 1111 568 1156 Domitianus)
590 1109 744 1146 restitui.
781 1107 1090 1153 cr.1.1,8.1.3,
1111 1097 1504 1149 so.11.11,7.1v.3,

116 1171 170 1205 14.
266 1168 336 1203 loci
359 1169 454 1212 eius)
476 1167 527 1202 Ita
547 1166 719 1202 Medicei.
766 1165 887 1202 Ceteri
907 1165 1017 1201 tocus.
1038 1156 1055 1214 ΙΙ
1074 1164 1133 1206 24
1150 1161 1268 1197 hostes
1284 1160 1508 1204 trucidabat)

115 1224 278 1271 reposui,
300 1235 368 1271 pro
390 1233 451 1259 cos
471 1222 714 1258 trucidabant.

229 1280 318 1326 Cap.
341 1280 402 1315 IV.
430 1283 462 1316 l.
485 1277 732 1314 Romanis—
747 1275 948 1320 concitatis)
982 1274 1096 1320 Vulg.
1123 1276 1158 1310 et
1176 1271 1338 1308 Romani
1359 1270 1394 1318 f.
1421 1281 1508 1307 con-

115 1338 215 1372 citati
227 1340 360 1372 suntet
383 1335 509 1371 Samn.
540 1328 557 1386 Η
586 1337 619 1372 4.
640 1333 799 1378 Achaia)
825 1332 938 1378 Vulg.
962 1329 1155 1367 Achaiam.
1196 1325 1213 1379 Η
1249 1329 1310 1374 iis)
1333 1333 1416 1364 ante
1439 1328 1505 1363 ab·

116 1396 205 1428 erat.
226 1387 244 1444 ll
265 1395 299 1430 6.
322 1391 475 1427 hostium
498 1392 608 1436 misit)
634 1390 693 1426 An
718 1387 960 1426 inserendum
989 1388 1028 1423 in
1056 1387 1219 1422 montes?
1249 1383 1304 1421 Cf.
1327 1384 1510 1432 Polyaen.

116 1449 211 1484 VIII.
227 1453 283 1492 10,
305 1452 340 1486 2.
370 1447 464 1482 Nam
486 1448 581 1483 infra
602 1447 873 1483 descenderent.
895 1439 912 1496 Η
931 1447 965 1484 7.
988 1442 1241 1486 Calamatium)
1264 1438 1507 1476 Vid.Cluver.

117 1505 219 1551 apud
251 1504 345 1541 Oud.
375 1504 482 1539 Mons
520 1503 569 1540 ad
598 1507 708 1550 caput
736 1502 846 1540 Silari
876 1500 1053 1537 fluminis.
1098 1497 1205 1536 Oros.
1233 1497 1279 1532 V.
1299 1499 1358 1534 24.
1393 1495 1509 1542 Apud

118 1561 305 1598 Plutarch.
327 1559 452 1596 Crass.
477 1565 520 1599 11
553 1562 864 1597 commemoratur
886 1550 1006 1604 λόφος
1024 1566 1094 1599 τις.
1138 1554 1226 1590 Post
1248 1552 1347 1589 Casti
1362 1555 1398 1588 et
1413 1551 1509 1588 Gan-

118 1618 191 1653 nici
220 1618 406 1653 interitum
443 1615 646 1664 Spartacus
678 1616 716 1651 in
750 1619 895 1651 montes
916 1612 1103 1650 Petelinos
1137 1621 1178 1646 se
1202 1608 1353 1656 recepit.
1394 1608 1509 1655 Vulg.

119 1674 391 1710 Calamarcum.
422 1667 447 1725 ff
475 1677 531 1711 10.
555 1674 720 1709 clamare
744 1672 877 1718 coepit)
898 1669 980 1706 libri
997 1666 1102 1704 haud
1121 1666 1246 1714 pauci.
1298 1664 1412 1710 Xulg.
1435 1667 1509 1700 tum

119 1732 228 1768 latine
260 1731 362 1766 clare
386 1730 636 1777 praedicavit.-
666 1729 702 1764 in
732 1739 804 1774 quo
835 1732 910 1764 tum
940 1723 1170 1772 superfluum
1190 1724 1248 1762 est
1265 1723 1301 1757 Εἰ
1321 1721 1423 1759 clare
1445 1719 1510 1756 de-

119 1787 221 1824 fendi
242 1797 289 1821 ex
311 1797 395 1832 cap.
413 1789 447 1831 7,
471 1790 489 1824 l
517 1796 591 1821 non
611 1788 743 1831 potest.
768 1778 786 1836 Η
805 1788 863 1822 12.
888 1783 1006 1830 Cyrus
1023 1780 1105 1816 adv.
1123 1779 1313 1823 Croesum)
1338 1777 1424 1820 Non
1443 1775 1512 1813 du-

120 1844 234 1880 bitavi
270 1843 320 1877 ita
353 1843 477 1878 locum
511 1852 661 1878 sanare.
705 1840 819 1886 Vulg.
849 1840 1016 1876 Croesus.
1054 1831 1072 1887 Η
1110 1835 1239 1880 odore)
1263 1844 1310 1869 ex
1331 1831 1510 1870 Herodot.
1560 1840 1561 1843 ’

120 1901 146 1938 Ι.
170 1903 217 1938 80
236 1902 272 1934 et
293 1898 469 1944 Polyaen.
489 1897 568 1932 VII.
589 1900 623 1941 6,
645 1899 678 1934 6.
698 1896 821 1932 Antea
842 1895 1012 1932 horrore.
1034 1888 1052 1946 Η
1074 1896 1130 1930 15.
1152 1903 1176 1928 a
1203 1890 1367 1938 virquttas
1394 1888 1511 1924 silvis-

120 1960 207 2004 que)
242 1954 339 1990 Libri
361 1955 422 1989 alii
445 1954 606 2000 viryultis
634 1953 808 1999 silvaque,
841 1952 903 1988 alii
924 1951 1015 1997 νίν-9.
1044 1950 1244 1996 silvasque,
1269 1945 1332 1983 atii
1351 1944 1512 1992 firyulta

121 2014 244 2050 silvas.
292 2009 406 2056 Vulg.
427 2009 585 2056 virqulta
614 2009 806 2054 silvasque.
859 2006 936 2044 Sed
957 2006 1020 2043 IV.
1041 2008 1075 2051 7,
1093 2007 1157 2043 40:
1170 2010 1294 2050 prope
1310 2011 1334 2036 α
1348 2000 1513 2051 virqafflis

122 2070 295 2115 silvaque.
330 2061 346 2116 Η
383 2069 438 2104 18.
464 2064 574 2112 faces
598 2068 631 2100 et
652 2075 689 2099 a.
719 2063 864 2111 praef„
888 2062 1025 2109 furiali
1053 2059 1214 2103 incessu)
1242 2056 1324 2102 Liv.
1345 2054 1425 2099 VII,
1446 2058 1511 2094 17:

120 2125 268 2173 facibus
302 2121 513 2159 ardentibus
546 2120 796 2168 anquibusque
826 2119 1010 2166 praelatis
1036 2119 1182 2153 incessu
1207 2110 1342 2160 furiali
1367 2111 1512 2147 militem

126 2182 195 2218 Ro.
219 2179 466 2217 turbaverunt.
526 2176 637 2223 Vulg.
664 2175 771 2222 faces
801 2180 834 2212 et
862 2184 1000 2222 unques
1023 2170 1159 2222 furiali
1198 2166 1321 2205 habitu
1351 2165 1512 2214 praefe-

126 2238 295 2274 rentibus.
346 2234 432 2271 Vox
449 2233 572 2270 habitu
591 2232 740 2278 irrepsit
765 2243 811 2266 ex
831 2229 1008 2278 praeced.
1033 2230 1071 2264 in
1090 2226 1261 2264 habitum.
1283 2218 1301 2275 Η
1321 2227 1378 2262 20.
1404 2232 1513 2271 prae.-

124 2294 241 2341 ferri)
284 2293 406 2329 Antea
419 2287 636 2339 praeferre.
675 2288 735 2325 An
759 2297 821 2324 eas
830 2285 1060 2335 praeferre?
