1566 2496
266 133 716 166 srmmonmncon
745 134 836 165 Lm.
869 133 917 165 11.
950 134 1050 165 off.
1081 134 1110 165 1.
1141 133 1192 164 11.
1367 123 1419 166 29

162 236 226 278 13.
283 235 502 288 Iugurtham
528 243 653 277 autem
675 243 844 287 constat,
870 249 1079 277 memorem
1107 238 1258 277 virtutis
1282 237 1420 279 Roma-

45 303 201 345 norum,
230 304 387 345 semper
410 295 592 334 inclinato
618 294 681 333 die
713 295 953 334 committere
979 294 1130 346 proelia
1161 294 1337 345 solitum,
1366 301 1420 345 ut,

46 350 79 388 si
109 348 333 399 fugarentur
370 351 449 400 sui,
486 356 739 403 opportunam
783 357 937 390 noctem
972 349 1160 390 haberent
1197 351 1246 390 ad
1283 351 1420 391 delite-

43 404 239 500 weudfflu·
282 461 463 501 Lucullus
493 462 680 501 adversus
710 461 965 502 Mithridatem
993 468 1031 501 et
1061 462 1266 514 Tigranem
1291 464 1328 502 in
1348 463 1419 502 Ar·

42 518 167 556 menia
203 518 348 556 maiore
385 518 486 570 apud
526 517 862 569 Tigranocertam,
904 531 989 557 cum
1028 520 1113 571 ipse
1153 530 1229 557 non
1257 520 1419 571 amplius

42 573 258 624 quindecim
284 573 386 613 milia
415 581 643 613 armatorum
668 574 842 623 haberet,
867 574 990 614 hostis
1009 582 1135 615 autem
1164 575 1417 615 innumerabi-

40 628 117 667 lem
154 628 427 673 multitudinem
467 641 595 682 eoque
632 631 718 682 ipso
751 630 978 681 inhabilem,
1020 644 1111 671 usus
1146 631 1222 670 hoc
1251 633 1334 670 eius
1364 633 1417 670 in-

41 684 243 724 commodo
272 687 437 726 nondum
470 687 680 726 ordinatam
708 687 872 726 hostium
905 688 1028 726 aciem
1057 689 1195 727 invasit
1223 693 1338 740 atque
1367 689 1418 727 ita

40 741 215 791 protinus
238 741 459 794 dissipavit,
497 748 538 782 ut
566 744 639 795 ipsi
675 755 830 795 quoque
865 755 983 794 reges
1014 745 1175 783 abiectis
1204 743 1418 795 insignibus

40 795 234 846 fugerent.

156 852 220 891 15.
279 851 337 894 Ti.
369 851 549 892 Claudius
578 852 684 892 Nero
722 854 909 893 adversus
938 854 1300 906 Pannonios,.cum
1330 857 1415 896 bar-

40 907 123 946 bari
151 908 308 949 feroces
336 909 374 947 in
403 909 524 947 aciem
555 910 703 948 oriente
728 911 851 948 statim
883 910 945 961 die
976 914 1286 962 processissent,
1324 925 1414 952 con-

41 964 150 1002 tinuit
179 975 271 1002 snos
299 976 515 1016 passusque
551 971 632 1015 est,
664 965 815 1004 hostem
851 966 992 1005 nebula
1030 973 1069 1005 et
1105 969 1309 1017 imbribus,
1352 972 1415 1020 qui

39 1019 143 1058 forte
171 1019 239 1058 illo
267 1019 329 1059 die
351 1019 477 1059 crebri
503 1027 632 1071 erant,
660 1020 881 1066 verberari:
913 1034 959 1061 ac
982 1022 1150 1073 demum,
1181 1024 1245 1063 ubi
1270 1025 1415 1064 fessum

38 1075 175 1114 stando
203 1075 332 1128 pluvia
360 1087 438 1115 non
466 1076 589 1115 solum
623 1078 693 1117 sed
726 1083 765 1115 et
795 1077 1018 1117 lassitudine
1046 1079 1218 1119 delicere
1246 1081 1414 1120 animad-

38 1132 174 1180 vertit,
204 1132 316 1183 signo
349 1132 438 1171 dato
467 1133 623 1172 adortus
654 1134 863 1185 superavit.

153 1187 230 1227 16.·
277 1186 322 1226 C.
354 1186 501 1227 Caesar
537 1190 574 1227 in
604 1189 744 1239 Gallia,
784 1191 871 1240 quia
908 1197 1176 1242 compererat,
1214 1191 1411 1230 Ariovisto

39 1243 311 1282 Germanorum
331 1246 416 1295 regi
440 1246 647 1284 institutum
672 1252 712 1284 et
738 1246 846 1296 quasi
867 1245 994 1296 legem
1020 1259 1110 1285 esse
1131 1247 1312 1286 militibus
1336 1260 1412 1286 non

20 1299 229 1350 pugnandi
265 1299 520 1339 decrescente
558 1301 666 1350 luna,
706 1307 784 1340 tum
819 1303 1058 1353 potissimum
1092 1305 1178 1343 acie
1208 1306 1412 1343 commissa

35 1355 241 1407 impeditos
266 1356 457 1407 religione
483 1357 615 1396 hostes
643 1359 747 1396 vicit.

151 1412 215 1450 17.
273 1411 394 1451 Divus
421 1412 616 1463 Augustus
641 1413 904 1465 Vespasianus
942 1414 1107 1454 Iudaeos
1143 1416 1295 1455 Saturni
1332 1417 1408 1465 die,

36 1478 113 1518 quo
139 1468 201 1506 eis
226 1467 338 1507 nefas
374 1473 434 1507 est
463 1469 667 1521 quidquam
695 1471 822 1509 seriae
849 1471 907 1508 rei
937 1482 1077 1520 agere,
1107 1472 1264 1511 adortus
1293 1485 1408 1525 supe-

34 1524 145 1562 ravit.

150 1577 215 1618 18.
272 1578 472 1628 Lysander
480 1579 806 1619 Lacedaemonius
823 1581 1010 1619 adversus
1028 1582 1288 1623 Athenienses
1309 1584 1411 1635 apud

34 1631 347 1685 Aegospotamos
382 1636 542 1674 instituit
580 1642 688 1677 certo
722 1642 897 1687 tempore
928 1637 1101 1677 infestari
1130 1651 1250 1678 naves
1288 1640 1407 1678 Athe-

34 1689 242 1739 niensium,
272 1690 409 1729 deinde
439 1702 627 1729 revocare
649 1691 828 1730 classem.
886 1692 944 1732 Ea
965 1705 1010 1732 re
1034 1694 1071 1732 in
1093 1696 1409 1735 consuetudinem

36 1743 243 1794 perducta,
270 1757 355 1783 cum
374 1745 631 1785 Athenienses
654 1753 743 1798 post
768 1748 983 1798 digressum
1005 1751 1088 1788 eius
1108 1751 1155 1789 ad
1179 1752 1407 1791 contrahen-

34 1798 104 1838 das
133 1800 267 1851 copias
291 1800 626 1852 dispergerentur,
658 1803 830 1843 extendit
856 1817 906 1843 ex
930 1807 1207 1846 consuetudine
1238 1808 1405 1847 classem

36 1860 75 1893 et
102 1856 273 1907 recepit:
302 1861 379 1895 tum
406 1856 569 1896 hostium
593 1860 752 1898 maxima
781 1866 891 1911 parte
922 1873 972 1900 ex
1001 1873 1107 1901 more
1138 1863 1312 1916 dilapsa,
1343 1877 1405 1903 re·

34 1910 162 1962 liquos
188 1911 344 1951 adortus
372 1913 512 1952 cecidit
540 1919 579 1952 et
608 1915 810 1954 universas
834 1928 954 1955 naves
983 1919 1100 1970 cepit.

576 2023 773 2066 CAPUT
807 2026 856 2066 11.

314 2111 375 2142 DE
402 2111 523 2143 Loco
552 2111 616 2142 An
642 2113 834 2144 poema
857 2114 1111 2148 nmcssnno.

145 2191 181 2230 1.
240 2190 303 2230 Μ’.
342 2190 500 2241 Curius,
539 2162 844 2245 quia'phalangi
884 2197 989 2246 regis
1027 2196 1403 2249 Pyrrhi'explicitae

31 2245 161 2284 resisti
196 2258 273 2286 uon
309 2258 428 2299 posse
466 2247 812 2298 animadvertebat,
851 2251 956 2290 dedit
980 2263 1162 2304 operam,
1200 2255 1304 2292 utin
1337 2265 1401 2293 an-

32 2301 168 2351 gustiis
192 2302 441 2354 confligeret,
472 2303 536 2343 ubi
564 2304 739 2344 conferta
774 2305 846 2345 sibi
870 2308 954 2359 ipsa
980 2314 1086 2347 esset
1103 2308 1400 2359 ,impedimenta
