1552 2566
327 241 719 307 PRAEFATIO
744 254 1090 306 EDITORIS.
1130 272 1134 275 -

14 392 63 431 ζ’
128 393 320 443 Quoniam
345 404 490 435 summa
516 405 659 442 rerum,
684 392 808 445 qualis
838 393 926 432 huic
954 393 1188 445 scriptorum
1205 390 1398 431 Romano-

14 457 99 491 rum
128 449 351 490 collectioni
381 450 573 502 praemitti
599 449 723 500 solet,
755 449 875 501 ipsius
904 450 1089 498 auctoris,
1119 448 1183 499 qui
1212 449 1250 487 in
1280 448 1398 488 libro-

14 519 98 547 rum
120 518 274 545 suorum
300 506 426 545 fronte
450 505 499 545 de
523 506 725 558 proposito
747 507 831 558 ipse
847 506 1068 558 praefatur,
1094 510 1171 543 tum
1190 515 1261 543 suo
1280 516 1397 556 quae-

17 573 94 616 que
125 562 259 602 ordine
287 562 474 614 disposita
502 568 542 601 et
570 574 643 614 per
671 561 820 613 singula
844 562 970 614 capita
996 561 1146 611 digesta
1175 560 1398 612 perscribit,

17 630 108 667 cura
146 625 185 657 et
221 617 384 657 consilio
418 630 491 670 per
528 630 572 657 se
609 619 880 669 cognoscitur,
916 629 1037 669 pauca
1068 616 1157 655 mibi
1201 617 1249 656 de
1283 628 1400 656 causa

16 670 74 717 cn
104 687 149 714 ca
170 686 424 726 praemonere
446 674 575 713 liceat.
633 673 815 713 Nimirum
837 676 1058 725 quaerenti,
1090 674 1154 725 qui
1181 672 1267 713 libri
1289 685 1400 712 manu

15 731 151 781 scripti
181 730 343 770 studium
376 742 503 769 meum
540 741 778 783 operamque
815 730 1050 779 adiuverint,
1089 729 1400 781 respondendnm

18 786 148 836 ntique
172 786 262 824 mihi
286 792 367 836 est,
394 798 470 825 non
498 797 598 826 nova
626 787 819 838 praesidia
848 799 909 825 me
934 787 971 825 in
999 791 1179 837 promptu
1201 785 1399 833 habuisse,

15 841 86 881 sed
107 842 143 879 in
165 843 503 892 strategematicon
531 842 638 881 libris
663 844 862 894 copiosum
882 842 1147 894 Oudendorpii
1175 848 1400 894 apparatum

17 897 212 946 criticum,
259 898 299 935 in
330 899 656 948 praestantissima
692 899 802 937 huius
836 898 1082 938 celeberrimi
1125 899 1197 937 viri
1231 898 1400 937 editione

17 953 256 1004 depositum,
300 952 426 991 denuo
470 952 676 1003 diligenter
713 954 960 1003 excussisse,
1004 955 1042 992 in
1069 966 1193 1006 aquae
1221 954 1401 994 ductuum

17 1015 143 1061 autem
172 1007 272 1047 libro
299 1021 360 1048 me
384 1009 530 1048 fructus
561 1021 671 1048 meae
701 1009 821 1061 ipsius
860 1020 1006 1061 operae
1035 1016 1124 1049 ante
1162 1011 1294 1061 plnres
1335 1022 1400 1048 an·

16 1072 89 1104 nos
119 1065 318 1115 impensae
347 1070 387 1103 et
415 1066 507 1104 iuris
549 1065 694 1116 publici
724 1066 851 1104 factae
879 1066 1153 1116 recollegisse.
1210 1065 1340 1119 Atque
1366 1067 1403 1104 in

16 1126 177 1172 utraque
207 1126 318 1171 parte
358 1121 448 1172 quid
478 1122 756 1172 praestiterim,
792 1123 964 1173 quamvis
990 1123 1123 1160 intenti
1151 1121 1312 1161 lectoris
1347 1122 1401 1160 iu·

15 1175 154 1215 dicium
181 1187 257 1218 non
283 1176 463 1227 effugiat,
494 1183 639 1227 tamen,
671 1184 709 1217 et
730 1190 801 1216 usu
829 1179 1050 1217 admittente
1080 1183 1120 1216 et
1149 1179 1299 1217 ratione
1326 1189 1403 1216 non

15 1231 256 1282 refragante,
299 1234 526 1284 praesertim
564 1233 601 1271 in
631 1235 971 1284 strategematicon
1007 1233 1116 1274 libris
1154 1246 1253 1285 quae
1290 1245 1311 1272 a
1340 1246 1402 1272 me

40 1287 93 1326 int
121 1294 185 1326 aut
213 1289 388 1328 restituta
421 1295 485 1327 ant
517 1290 731 1338 emendata,
764 1296 804 1329 ut
836 1290 946 1328 simul
978 1289 1147 1342 exempli
1177 1289 1402 1329 Oudendor-

15 1344 118 1394 piani
158 1344 440 1395 discrepantiae
475 1346 512 1384 in
556 1352 807 1397 conspectum
862 1346 1019 1394 cadant,
1070 1347 1272 1398 praecipui
1321 1357 1401 1385 mo-

15 1401 132 1438 menti
157 1412 221 1439 res
248 1407 493 1440 consectatus
522 1400 631 1440 brevi
656 1402 904 1442 adnotatione
932 1402 1144 1442 subiiciam.

127 1505 285 1541 Praefai.
326 1504 558 1550 diduci-umus)
578 1506 817 1543 scribendum
836 1518 856 1542 e
879 1506 963 1543 cod.
984 1506 1122 1543 Medic.
1142 1506 1315 1554 vestigiis
1337 1517 1405 1554 pu-

15 1560 163 1605 tabam,
186 1571 254 1607 pro
275 1560 489 1598 diducimus.
528 1557 546 1614 11
589 1562 632 1598 Ut
644 1564 760 1598 mulla
785 1564 999 1607 transirem)
1026 1567 1068 1598 ut
1089 1567 1146 1599 est
1173 1563 1210 1598 in
1231 1563 1402 1609 plurimis

15 1614 139 1659 libris,
172 1618 370 1652 transirem
390 1618 428 1653 in
455 1619 561 1654 Leid.
580 1630 638 1665 pr.
675 1619 822 1665 Vulgo:
862 1619 964 1656 Unde
981 1621 1097 1655 multa
1126 1620 1290 1655 transire
1316 1619 1406 1654 mihi

15 1671 269 1716 ipseper-misi.
311 1668 328 1723 Η
359 1674 425 1709 sub
440 1684 511 1710 sua
539 1675 722 1721 quaeque)
751 1675 850 1711 Libri
869 1676 1017 1721 plurimi
1039 1674 1108 1711 sub
1128 1685 1286 1722 quaque,
1309 1686 1401 1710 non-

18 1725 107 1760 nulli
125 1727 193 1762 sub
208 1738 451 1775 quacumque.
492 1730 603 1777 Vulg.
625 1730 691 1766 sub
711 1734 944 1778 unaquaque.
980 1726 998 1783 ΙΙ
1033 1732 1132 1767 Nam
1157 1741 1245 1766 cum
1261 1732 1401 1776 omnia)

16 1782 70 1816 Ita
93 1791 142 1816 ex
156 1782 268 1818 codd.
286 1785 457 1820 omnibus
475 1787 635 1827 restitui;
660 1786 751 1822 illud
770 1791 855 1832 tum,
877 1787 978 1834 quod
996 1789 1169 1835 vulgatur
1186 1791 1271 1823 anie
1287 1789 1402 1823 verba

14 1838 50 1872 si
73 1837 111 1872 in
128 1839 259 1884 specie,
280 1839 387 1875 eieci.
430 1834 448 1890 Η
489 1840 584 1877 hosti
600 1843 758 1886 insessa)
782 1843 879 1880 Libri
906 1844 1055 1891 infesta.
1098 1843 1256 1894 HO-fflst·
1291 1854 1325 1878 e.
1355 1845 1401 1879 ab

15 1891 138 1928 hoste.
177 1893 205 1929 1.
226 1898 259 1939 1,
281 1897 322 1933 7:
348 1895 538 1941 adplicatos
562 1897 657 1933 hosti
668 1899 781 1934 vallos
816 1900 839 1935 i.
865 1911 898 1935 e.
920 1902 966 1936 ab
986 1899 1109 1936 hoste.
1146 1888 1264 1959 {itiam
1291 1899 1334 1934 11.
1367 1903 1401 1943 5,

16 1951 63 1986 32
81 1949 160 1984 loca
189 1951 330 1997 insessa
346 1952 590 1998 corrumpitur
610 1953 646 1988 in
667 1953 815 2001 infesta.
1155 1960 1164 1974 ·'

129 2005 206 2044 Lib.
231 2006 258 2040 I.
298 2018 382 2053 cap.
413 2006 442 2043 I.
473 2010 510 2044 4.
551 2009 716 2055 Gabinis)
740 2010 817 2047 Aut
848 2011 921 2048 hoc
950 2011 1207 2053 inserendum,
1249 2016 1312 2047 aut
1339 2011 1400 2046 ho-

13 2060 181 2097 minibus.
221 2056 239 2113 ss
275 2065 309 2101 6.
348 2062 602 2109 Channaeum)
638 2066 716 2103 Hoc
745 2077 880 2104 nomen
924 2079 972 2103 ex
1006 2068 1124 2104 Dione
1161 2067 1292 2104 Cassio
1328 2067 1402 2101 iam

15 2115 240 2162 praetulerat
278 2119 522 2165 wesseling„
567 2123 820 2158 consentiente
857 2123 1028 2160 Freinsh.
1092 2124 1256 2159 Praefert
1292 2122 1402 2157 etiam

17 2170 127 2216 Oud„
150 2172 267 2210 edidit
284 2179 408 2211 tamen
430 2186 514 2211 cum
540 2178 647 2224 vulg.
675 2178 926 2216 Phar-nucum.
967 2180 1126 2216 Nomina
1154 2178 1306 2225 propria
1335 2177 1404 2212 mi-

0 2228 182 2276 „serrime
214 2235 458 2278 corruperunt
488 2232 641 2269 librarii.
685 2228 703 2286 Η
749 2237 963 2282 ayerentur)
1008 2235 1103 2273 Oud.
1131 2234 1345 2281 ayebantur.
1381 2227 1399 2284 Η

15 2281 139 2329 infra)
169 2288 348 2324 revocavi
382 2298 402 2323 e
432 2288 602 2335 plurimis
629 2289 739 2326 codd.
780 2291 896 2328 Infra:
926 2291 1103 2340 inferiore
1123 2292 1262 2327 itinere.
1302 2283 1320 2340 ΙΙ
1363 2291 1399 2328 7-

1072 2355 1123 2392 a*
