1566 2496
193 133 640 168 srnnssenunlcox
670 134 762 165 Lm.
786 133 853 164 111.
885 133 984 164 cst.
1015 131 1217 163 ΧΙ-Χιν,
1340 120 1393 160 73

141 239 180 279 3.
237 238 441 278 Venationi
485 246 639 290 quoque
678 243 718 276 et
755 235 963 289 pecoribus
1002 235 1152 288 quidam
1200 236 1396 274 iusuerunt

30 295 201 345 litteras,
230 295 459 334 membranis
488 294 695 333 mandatas.

142 353 181 391 4.
238 349 434 402 Aliquifet
453 351 491 389 in
510 351 759 389 iumentorum
787 359 962 387 aversam
986 353 1133 399 partem
1154 345 1395 395 infulserunt,

31 407 119 446 dum
148 406 334 446 stationes
364 412 574 446 transeunt.

142 463 181 501 5.
238 461 419 502 Nonnulli
446 463 628 501 interiora
650 462 870 512 vaginarum
889 460 1179 511 inscripserunt.

143 518 198 559 6.·
236 517 277 556 L.
306 517 486 557 Lucullus
511 517 726 567 Cyzicenos
755 517 942 556 obsessos
972 528 993 554 a
1013 514 1228 554 Mithridate
1251 519 1291 552 ut
1313 525 1395 552 cer-

33 575 154 613 tiores
189 573 374 613 adventus
404 575 463 613 sui
498 574 668 622 faceret,
707 585 790 612 cum
821 573 1023 624 praesidiis
1051 571 1215 610 hostium
1245 576 1398 608 tenere·

29 636 92 669 tur
116 630 290 669 introitus
315 630 440 679 urbis,
474 631 538 682 qui
566 642 661 668 unus
691 635 729 668 et
758 635 942 679 augustus
966 633 1085 679 ponte
1114 627 1267 665 modico
1298 627 1397 664 insu·

30 685 106 724 lam
136 686 341 724 continenti
379 687 518 736 iungit,
557 686 713 725 militem
744 698 765 724 e
796 686 874 723 suis
902 684 1014 723 nandi
1041 689 1078 722 et
1103 684 1278 722 nauticae
1305 682 1398 720 artis

33 741 195 792 peritum
222 741 353 790 iussit,
387 742 611 780 insidentem
646 741 794 780 duobus
825 740 964 779 inflatis
995 739 1140 778 utribus
1170 738 1316 777 litteras
1345 739 1398 776 in·

37 802 144 834 sutas
162 795 412 845 habentibus,
443 809 540 848 quos
561 797 608 835 ab
628 797 811 835 inferIore
835 802 940 848 parte
963 795 1108 835 duabus
1133 794 1279 844 regulis
1300 795 1400 832 inter

33 864 78 891 se
115 851 337 891 distantibus
373 853 644 901 commiserat,
681 853 735 890 ire
773 858 923 902 septem
963 852 1065 890 milia
1106 863 1286 902 passuum
1324 856 1399 888 tra·

32 908 188 946 iectum.
245 907 358 956 Quod
384 908 434 947 ita
460 909 584 960 perite
614 908 787 958 gregalis
815 907 921 955 fecit,
951 913 990 945 ut
1011 907 1184 945 cruribus
1204 906 1310 945 velut
1330 918 1399 956 gu-

33 962 253 1002 bernaculis
289 963 465 1002 demissis
500 976 650 1003 cursum
674 963 859 1014 dirigeret
886 969 924 1001 et
955 963 1093 1014 procul
1120 963 1311 1011 visentes,
1336 963 1400 1013 qui

33 1020 72 1057 in
101 1019 264 1058 statione
294 1025 422 1069 erant,
451 1021 617 1059 marinae
638 1021 770 1069 specie
799 1019 937 1057 beluae
966 1018 1180 1070 deciperet.

147 1075 187 1113 7.
242 1074 385 1114 Hirtius
416 1076 549 1114 consul
580 1076 627 1114 ad
648 1075 845 1114 Decimum
865 1074 1041 1123 Brutum,
1072 1075 1136 1125 qui
1164 1071 1331 1111 Mutinae
1352 1072 1401 1111 ab

33 1130 200 1169 Antonio
230 1130 498 1181 obsidebatur,
534 1131 682 1170 litteras
712 1130 872 1169 subinde
908 1131 1007 1168 misit
1036 1129 1192 1181 plumbo
1221 1129 1401 1179 scriptas,

35 1186 172 1237 quibus
191 1186 240 1225 ad
262 1186 457 1226 brachium
478 1187 650 1238 religatis
681 1187 819 1226 milites
845 1186 1091 1225 Scultennam
1113 1196 1259 1224 amnem
1279 1190 1401 1223 trans-

35 1241 188 1281 nabant.

146 1297 185 1337 8.
248 1297 353 1336 Idem
402 1297 588 1337 columbis
609 1328 620 1348 ,
660 1310 754 1349 quas
798 1297 965 1336 inclusas
1010 1303 1098 1335 aute
1145 1296 1318 1335 tenebris
1363 1302 1402 1334 et

35 1353 136 1392 fame
167 1353 386 1403 adfecerat,
418 1354 604 1405 epistolas
632 1361 715 1393 seta
743 1354 790 1393 ad
820 1354 959 1392 collum
986 1352 1179 1403 religabat
1206 1364 1351 1403 easque
1378 1364 1400 1391 a

35 1409 275 1460 propinquo,
312 1411 351 1448 in
387 1416 563 1461 quantum
602 1416 776 1461 poterat,
812 1409 1013 1448 moenibus
1053 1409 1143 1447 loco
1189 1407 1399 1446 emittebat.

34 1463 131 1503 Illae
158 1464 256 1503 lucis
283 1465 435 1516 cibique
463 1466 597 1505 avidae
628 1466 811 1504 altissima
839 1465 1102 1504 aedificiorum
1125 1469 1304 1516 petentes
1334 1476 1400 1502 ex·

38 1519 275 1571 cipiebantur
300 1533 322 1560 a
349 1521 489 1570 Bruto,
528 1523 591 1573 qui
621 1533 669 1560 eo
693 1522 808 1560 modo
836 1521 884 1560 de
913 1521 1087 1559 omuibus
1114 1520 1232 1559 rebus
1257 1521 1402 1559 certior

37 1575 174 1625 tiebat,
204 1577 334 1627 utique
362 1583 585 1628 postquam,
611 1578 798 1627 disposito
827 1576 1050 1627 quibusdam
1070 1576 1168 1615 locis
1194 1575 1304 1624 cibo,
1336 1587 1400 1614 co-

40 1629 187 1669 lumbas
218 1631 310 1670 illuc
338 1633 522 1671 devolare
546 1633 772 1671 instituerat.

558 1741 750 1782 CAPUT
779 1741 897 1782 XIV.

152 1829 213 1859 DE
242 1829 615 1860 INTRODUCENDIS
644 1829 846 1860 AUXILIIS
873 1830 933 1861 ΕΤ
963 1830 1292 1862 COMMEATIBUS

552 1884 887 1917 SUGGERENDIS.

157 1966 192 2003 1.
250 1964 360 2003 Bello
388 1965 511 2013 civili,
543 1977 627 2004 cum
656 1964 807 2015 Ategua
830 1965 922 2004 urbs
946 1967 984 2005 in
1002 1966 1184 2018 Hispania
1203 1967 1403 2020 Pompeia-

40 2032 170 2060 narum
206 2021 368 2071 partium
404 2020 667 2070 obsideretur,
707 2020 892 2060 Munatius
931 2023 1081 2061 interim
1109 2026 1282 2069 tessera,
1312 2030 1402 2061 tam-

42 2088 151 2127 quam
175 2075 450 2124 caesarianus,
481 2076 619 2114 tribuni
641 2077 937 2126 cornicularius,
966 2079 1107 2128 vigiles
1128 2080 1312 2130 quosdam
1338 2091 1406 2116 ex·

43 2132 192 2176 citavit;
233 2145 283 2171 ex
320 2131 457 2182 quibus
486 2131 635 2183 aliquos
665 2133 832 2181 evitans,
868 2136 1079 2173 constantia
1108 2135 1288 2174 fallaciae
1312 2145 1406 2171 suae

43 2197 115 2236 per
143 2188 287 2226 medias
323 2187 500 2226 Caesaris
537 2188 669 2238 copias
708 2188 939 2238 praesidium
975 2189 1146 2241 Pompeii
1182 2189 1407 2228 transduxit.

154 2241 192 2280 2.
240 2243 450 2282 Hannibale
470 2242 671 2282 obsidente
690 2241 915 2293 Casilinum,
938 2244 1098 2284 Romani
1117 2245 1273 2283 farinam
1293 2243 1407 2282 doliis

45 2297 211 2337 secunda
246 2310 343 2351 aqua
378 2298 554 2338 Volturni
591 2298 751 2338 fluminis
787 2299 1054 2350 demittebant,
1086 2306 1127 2339 ut
1156 2299 1203 2338 ab
1232 2298 1407 2338 obsessis
