1566 2496
125 143 178 184 32
566 152 668 185 SEX.
691 154 808 186 mnu
841 155 1065 187 FRONTINI

120 257 213 307 gilia
239 256 499 296 marcentibus
529 258 806 309 confligerent,
839 259 929 299 loco
952 265 990 298 ut
1019 259 1196 300 voluerat
1225 267 1328 313 arto,
1359 263 1396 301 in
1427 274 1502 315 quo

121 312 275 353 Xerxes
298 313 536 354 multitudine
566 327 641 367 qua
669 315 893 367 praestabat
919 317 973 355 uti
1001 328 1077 355 non
1107 323 1255 369 posset.

647 426 676 467 C
686 426 720 465 A
732 427 760 466 P
773 427 802 467 U
813 427 842 467 T
882 428 924 467 ΙΙ
936 428 964 468 1.

542 514 604 544 DE
640 515 747 545 Acm
786 515 1075 548 ORDINANDA.

235 598 270 636 1.
332 595 401 635 Cn.
434 595 566 647 Scipio
599 597 637 634 in
661 595 841 648 Hispania
862 597 1050 636 adversus
1074 596 1297 638 Hannonem
1321 599 1368 638 ad
1391 601 1499 652 oppi-

118 653 206 692 dum
236 652 409 692 Indibilis
439 652 602 704 (regis),
634 664 719 691 cum
748 653 1081 693 animadvertisset
1102 654 1278 694 Punicam
1303 657 1425 694 aciem
1450 658 1500 695 ita

118 710 326 760 directam,
360 714 401 748 ut
436 710 473 748 in
503 709 640 748 dextro
672 720 791 747 cornu
819 708 977 761 Hispani
1008 711 1354 761 constituerentur,
1385 712 1500 751 robu-

117 773 198 805 stus
225 766 378 818 quidem
406 765 516 804 miles
546 765 616 804 sed
651 766 714 816 qui
744 765 907 808 alienum
934 767 1132 817 negotium
1160 773 1318 818 ageret,
1346 768 1384 806 in
1411 769 1500 807 sini—

1558 291 1566 489 2...-—...-—n

117 829 198 862 stro
230 828 356 861 autem
385 821 492 872 Afri,
528 821 639 860 miles
670 821 815 860 viribus
847 823 1031 862 infirmior
1067 823 1138 862 sed
1173 824 1285 862 animi
1322 830 1498 864 constan·
1559 865 1566 871 ,

117 880 248 929 tioris,
286 878 448 917 reducto
489 878 646 916 sinistro
683 878 805 917 latere
840 890 1017 928 suorum,
1055 879 1192 918 dextro
1224 890 1364 931 cornu,
1395 881 1499 932 quod
1560 876 1566 918 :³

116 935 362 975 validissimis
385 933 566 973 militibus
588 940 858 985 exstruxerat,
880 935 1038 987 obliqua
1060 936 1144 974 acie
1169 946 1253 975 cum
1274 935 1388 975 hoste
1408 948 1498 976 con-

115 992 231 1030 flixit:
268 991 428 1041 deinde,
462 991 558 1029 fusis
592 990 812 1042 fugatisque
850 990 978 1041 Afris,
1017 988 1235 1043 HispanOS,
1278 993 1342 1044 qui
1371 993 1409 1031 in
1438 1005 1498 1032 re-

116 1061 231 1144 οθῗξιι
264 1048 518 1100 spectantium
543 1058 651 1086 more
682 1053 887 1099 steterant,
925 1048 1042 1088 facile
1066 1049 1104 1088 in
1133 1049 1368 1109 deditionem
1394 1061 1496 1088 eom-

115 1111 266 1199 punb.
325 1160 523 1212 Philippus
554 1160 805 1200 Macedonum
834 1173 926 1216 rex,
957 1160 1142 1200 adversus
1169 1159 1322 1209 Illyrios
1354 1160 1496 1201 bellum

115 1230 278 1268 gerens,
320 1223 361 1256 ut
390 1217 654 1256 animadvertit
683 1217 1042 1256 frontem'hostium
1073 1217 1249 1268 stipatam
1280 1217 1417 1256 electis
1448 1219 1497 1258 de

114 1280 196 1313 toto
229 1274 404 1313 exercitu
433 1274 549 1322 viris,
590 1273 711 1312 latera
740 1280 866 1312 autem
895 1273 1126 1322 infirmiora,
1157 1272 1377 1312 fortissimis
1408 1286 1496 1314 suo·
1546 1303 1548 1306 -

113 1343 196 1369 rum
225 1331 262 1368 in
300 1329 437 1368 dextro
470 1340 589 1367 cornu
623 1329 860 1378 conlocatis,
900 1329 1091 1367 sinistrum
1122 1328 1222 1368 latus
1249 1330 1413 1369 hostium
1443 1332 1496 1369 in-

113 1387 213 1425 vasit
238 1385 465 1436 turbataque
492 1390 571 1423 tota
603 1385 688 1423 acie
718 1385 916 1423 victoriam
947 1384 1182 1436 profligavit.

228 1441 266 1480 3.
327 1441 550 1480 Pammenes
567 1440 793 1490 Thebanus,
817 1447 1029 1492 conspecta
1045 1440 1247 1481 Persarum
1265 1443 1371 1492 acie,
1397 1455 1496 1495 quae

114 1498 403 1538 robustissimas
432 1498 566 1549 copias
597 1498 634 1536 in
665 1497 802 1536 dextro
828 1509 953 1539 ‚cornu
983 1497 1208 1537 conlocatas
1237 1498 1420 1548 habebat,
1446 1500 1496 1537 si-

112 1556 191 1594 mili
222 1554 369 1593 ratione
407 1559 445 1592 et
475 1554 562 1605 ipse
600 1565 692 1593 suos
729 1553 918 1592 ordinavit
954 1564 1183 1604 omnemque
1222 1556 1429 1606 equitatum
1459 1561 1498 1594 et
1565 1583 1566 1601 1

112 1612 360 1652 fortissimum
392 1622 584 1662 quemque
617 1610 785 1662 peditum
815 1610 853 1648 in
882 1609 1020 1648 dextro
1046 1620 1187 1659 cornu,
1220 1610 1496 1650 infirmissimos

113 1674 240 1707 autem
269 1672 401 1706 contra
432 1666 662 1705 fortissimos
694 1666 857 1705 hostium
884 1666 1012 1717 posuit
1041 1666 1342 1717 praecepitque,
1380 1674 1420 1706 ut
1450 1667 1497 1706 ad

112 1726 273 1777 primum
305 1724 486 1774 impetum
513 1734 645 1762 eorum
676 1723 747 1762 sibi
775 1723 867 1773 fuga
895 1721 1144 1761 consulerent
1169 1728 1207 1760 et
1235 1723 1272 1760 in
1302 1722 1496 1762 silvestria

114 1781 426 1831 confragosaque
446 1779 534 1818 loca
559 1792 602 1818 se
629 1780 866 1831 reciperent.
924 1777 980 1817 Ita
1006 1777 1188 1817 frustrato
1213 1777 1358 1817 robore
1383 1790 1495 1817 exer-

114 1838 233 1885 citus,
271 1837 356 1887 ipse
390 1837 533 1887 optima
570 1842 678 1887 parte
714 1836 849 1874 virium
879 1845 1031 1874 suarum
1062 1840 1179 1873 totam
1205 1835 1342 1873 circuit
1373 1835 1495 1874 aciem

114 1893 279 1932 hostium
309 1898 348 1931 et
378 1892 528 1932 avertit.

227 1949 265 1987 4.
326 1948 366 1987 Ρ.
399 1946 602 1986 Cornelius
623 1947 777 1999 Scipio,
812 1947 871 1986 cui
902 1952 1040 1999 postea
1069 1946 1254 1986 Africano
1279 1957 1495 1996 cognomen

114 2005 205 2054 fuit,
245 2004 431 2043 adversus
468 2002 748 2042 Hasdrubalem
790 2004 1006 2043 Poenorum
1054 2002 1190 2042 ducem
1231 2003 1269 2041 in
1311 2001 1495 2053 Hispania

115 2060 260 2113 bellum
299 2071 462 2110 gerens,
501 2060 551 2097 ita
589 2071 662 2110 per
700 2061 901 2098 continuos
938 2059 1021 2098 dies
1062 2059 1275 2097 ordinatum
1313 2057 1496 2109 produxit

116 2117 349 2166 exercitum,
389 2121 427 2154 ut
449 2115 576 2154 media
607 2117 713 2154 acies
750 2115 968 2154 fortissimis
1006 2114 1240 2153 fundaretur.
1300 2113 1379 2153 Sed
1410 2125 1495 2152 cum
1543 2159 1545 2163 ι

115 2175 251 2213 hostes
290 2183 446 2224 quoque
484 2171 618 2210 eadem
650 2172 799 2210 ratione
836 2171 996 2211 adsidue
1027 2170 1189 2210 ordinati
1218 2169 1493 2222 procederent,
1543 2187 1544 2190 ¹

116 2230 250 2282 Scipio
287 2239 335 2267 eo
366 2228 449 2277 die,
480 2238 555 2278 quo
585 2232 769 2266 statuerat
795 2228 1032 2276 decernere,
1064 2226 1308 2266 commutavit
1333 2225 1493 2264 instruc-

117 2287 231 2325 tionis
272 2284 466 2333 ordinem,
505 2288 544 2321 et
583 2283 820 2322 firmissimos
854 2283 994 2322 milites
1026 2282 1260 2332 legionarios
1295 2281 1334 2319 in
1368 2281 1493 2320 corni·

119 2343 188 2382 bus
220 2341 438 2382 conlocavit
475 2351 521 2380 ac
559 2339 685 2378 levem
712 2345 937 2379 armaturam
967 2339 1004 2378 in
1030 2337 1155 2377 media
1190 2338 1301 2387 acie,
1334 2337 1404 2376 sed
1432 2348 1491 2376 re-
