1566 2496
245 150 696 185 smmunmncon
712 150 804 182 mn.
816 150 883 182 111.
911 149 1013 181 cu’.
1032 149 1160 181 11.111.
1350 138 1404 179 63

33 258 160 298 caesis
195 257 345 310 apernit
388 255 578 295 exercitui
615 253 788 294 Romano
825 253 961 293 urbem
1003 253 1196 293 nobilibus
1234 251 1407 291 victoriis

32 315 188 354 claram,

147 379 184 419 3.
242 378 470 432 Tarquinius
491 377 707 430 SuperbuS,
740 390 825 418 cum
847 377 990 418 Gabios
1021 378 1061 416 in
1076 371 1312 416 'deditionem
1343 385 1405 413 ac-

34 437 168 488 cipere
208 447 285 474 non
329 441 489 488 posset,
530 435 646 474 filium
683 447 790 474 suum
831 436 989 474 Sextum
1028 445 1184 472 caesum
1210 432 1332 483 virgis
1360 429 1408 468 ad

34 492 186 531 hostem
219 492 333 531 misit.
386 491 424 530 Is
459 492 631 530 incusata
660 491 781 542 patris
817 491 977 530 saevitia
1011 490 1203 542 persuasit
1236 487 1407 535 Gabinis,

35 548 125 588 odio
146 559 216 586 suo
240 544 426 587 adversus
447 559 583 598 regem
610 553 828 592 uterentur;
861 552 899 585 et
918 546 995 586 dux
1021 546 1069 585 ad
1090 545 1235 584 bellum
1259 544 1411 583 electus

32 603 186 644 tradidit
216 604 313 656 patri
339 603 496 643 Gabios.

147 671 185 709 4.
243 669 396 710 Dareus
426 669 628 709 Persarum
657 682 728 708 rex
758 682 865 708 suum
895 670 1072 708 comitem
1103 662 1311 720 Zopyrum,
1344 678 1410 704 ex·

38 725 190 777 plorata
216 727 299 765 eius
330 725 632 774 fide,.truncata
657 725 705 764 de
733 727 915 765 industria
935 727 1036 765 facie
1071 725 1118 764 ad
1146 726 1279 764 hostes
1306 723 1411 762 dimi-

38 782 100 829 sit.
158 780 253 831 Ille,
287 781 511 820 adsentante
544 782 761 820 iniuriarum
796 782 894 831 fide,
934 782 1102 821 creditus
1133 779 1413 820 inimicissimus

36 836 189 885 Dareo,
224 848 308 875 cum
338 835 436 875 hanc
467 838 759 887 persuasionem
792 838 991 877 adiuvaret
1028 837 1293 890 procurrendo
1323 846 1414 887 pro-

39 893 126 943 pius
148 892 321 941 hostem,
350 893 527 943 quotiens
554 893 638 930 acie
666 893 952 942 decertaretur,
984 900 1022 932 et
1049 895 1086 931 in
1116 906 1202 932 eum
1228 892 1305 931 tela
1326 891 1414 930 diri-

38 948 197 998 gendo,
222 949 461 987 commissam
498 947 571 986 sibi
596 948 892 998 Babyloniorum
930 949 1061 987 urbem
1090 949 1243 988 tradidit
1269 947 1413 986 Dareo.

153 1016 193 1054 5.
254 1015 474 1066 Philippus,
516 1013 659 1066 oppido
701 1015 900 1054 Saniorum
948 1016 1152 1064 exclusus,
1191 1015 1417 1066 Apollonidi

41 1071 242 1124 praefecto
274 1082 406 1110 eorum
436 1071 484 1109 ad
508 1070 765 1122 proditionem
787 1078 971 1123 corrupto
1003 1073 1209 1124 persuasit,
1239 1077 1278 1109 ut
1309 1071 1416 1122 plau·

41 1133 160 1166 strum
186 1123 318 1179 lapide
345 1127 530 1179 quadrato
555 1133 752 1165 onerat-um
773 1128 915 1179 inipso
940 1129 1042 1167 aditu
1069 1134 1205 1179 portae
1230 1133 1416 1178 poneret:

41 1189 80 1222 et
110 1183 312 1223 confestim
343 1184 453 1233 signo
482 1182 571 1221 dato
604 1184 823 1232 insecutus,
856 1185 1073 1236 oppidanos
1102 1185 1206 1223 circa
1237 1183 1418 1235 impedita

42 1245 177 1291 portae
208 1239 374 1278 claustra
404 1238 641 1290 trepidantes
670 1238 878 1290 obpressit.

152 1306 192 1346 6.
248 1305 435 1345 Hannibal
474 1305 575 1357 apud
613 1305 839 1356 Tarentum,
879 1319 978 1358 quae
1011 1308 1207 1357 praesidio
1244 1306 1418 1346 Romano

40 1362 148 1411 duce
164 1362 272 1401 Livio
292 1362 515 1412 tenebatur,
543 1360 766 1400 Cononeum
787 1363 987 1414 quemdam
1008 1363 1273 1412 Tarentinum,
1297 1375 1420 1415 quem

40 1419 88 1458 ad
114 1418 368 1470 proditionem
397 1419 701 1467 sollicitaverat,
736 1419 923 1458 eiusmodi
959 1420 1115 1459 fallacia
1152 1421 1351 1468 instruxit,
1378 1425 1420 1458 ut

40 1486 113 1525 per
140 1486 294 1513 causam
323 1475 486 1513 venandi
522 1479 638 1512 noctu
667 1475 924 1525 procederet,
960 1477 1069 1527 quasi
1100 1476 1137 1515 id
1167 1489 1239 1533 per
1268 1476 1421 1514 hostem

40 1530 204 1572 interdiu
223 1542 299 1569 non
318 1530 468 1569 liceret.
526 1529 701 1580 Egresso
724 1531 809 1581 ipse
834 1543 951 1582 apros
972 1532 1298 1581 subministrabat,
1321 1543 1419 1582 quos

40 1585 109 1623 ille
138 1591 327 1636 tamquam
356 1598 406 1624 ex
445 1592 603 1637 captura
631 1585 737 1623 Livio
769 1586 965 1626 obferret:
999 1588 1117 1638 idque
1147 1600 1231 1626 cum
1262 1588 1419 1636 saepius

39 1640 311 1680 factumsesset
340 1648 378 1680 et
408 1642 496 1680 ideo
523 1642 644 1678 minus
667 1640 967 1693 observaretur,
998 1643 1159 1694 quadam
1180 1649 1297 1682 nocte
1319 1643 1419 1682 Han-

42 1695 146 1734 nibal
173 1703 396 1735 venatorum
424 1697 552 1735 habitu
584 1696 736 1734 Poenos
768 1698 968 1737 comitibus
990 1701 1072 1737 eius
1103 1700 1325 1738 immiscuit:
1356 1699 1421 1750 qui

43 1762 128 1788 cum
155 1752 279 1789 onusti
310 1754 513 1791 venatione
545 1763 655 1802 quam
684 1752 861 1792 ferebant
894 1756 1046 1806 recepti
1077 1761 1210 1793 essent
1239 1767 1260 1794 a
1292 1761 1419 1794 custo-

44 1805 178 1854 dibus,
202 1813 386 1858 protenus
416 1819 486 1846 eos
508 1808 632 1846 adorti
659 1808 897 1848 occiderunt.
950 1810 1044 1849 Tum
1068 1811 1191 1850 fracta
1221 1817 1334 1863 porta
1355 1812 1421 1850 ad-

43 1862 181 1900 missus
212 1875 296 1900 cum
321 1865 495 1902 exercitu
517 1862 704 1902 Hannibal
735 1875 867 1903 omnes
889 1865 1083 1906 Romanos
1106 1868 1322 1917 interfecit,
1354 1879 1420 1906 ex-

45 1918 168 1969 ceptis
196 1918 254 1956 his
285 1920 347 1969 qui
378 1920 415 1957 in
444 1931 572 1958 arcem
602 1919 865 1970 profugerant.

156 1987 194 2024 7.
253 1984 500 2034 Lysimachus
537 1997 609 2024 rex
638 1985 912 2037 Macedonum,
951 2001 1036 2028 cum
1070 1989 1267 2041 Ephesios
1301 1989 1422 2040 obpu-

42 2046 200 2090 gnaret,
239 2047 277 2079 et
306 2041 360 2079 illi
392 2042 430 2079 in
458 2041 600 2079 auxilio
639 2041 827 2082 haberent
854 2043 1104 2084 Mandronem
1139 2046 1423 2097 archipiratam,

43 2097 107 2146 qui
137 2096 362 2148 plerumque
404 2103 581 2135 oneratas
619 2098 762 2148 praeda
801 2111 920 2138 naves
950 2101 1148 2152 Ephesum
1184 2100 1423 2153 adpellebat,

47 2159 227 2203 corrupto
267 2154 303 2191 ei
341 2152 388 2192 ad
427 2152 683 2204 proditionem
723 2155 842 2194 iunxit
878 2155 1110 2196 fortissimos
1148 2157 1423 2196 Macedonum:

45 2215 256 2256 quos'cum
278 2209 344 2248 ille
372 2210 559 2248 restrictis
588 2209 761 2249 manibus
791 2222 862 2262 pro
894 2214 1055 2264 captivis
1085 2213 1283 2264 Ephesum
1306 2212 1424 2250 intro·

45 2260 222 2356 augeret,
262 2271 398 2316 postea
425 2266 545 2317 raptis
583 2277 633 2304 ex
661 2277 752 2305 arce
782 2269 896 2307 armis
922 2269 1058 2309 urbem
1087 2267 1316 2318 Lysimacho
1348 2273 1425 2307 tra·

73 2329 84 2355 1
113 2325 233 2358 erunt.
