1566 2496
650 129 883 163 eroms.
1368 119 1371 121 ’
1405 129 1456 160 m

11 275 14 277 ,
74 237 174 274 Infra
186 235 306 277 laub!
319 237 467 285 scripsi,
482 246 552 284 pro
574 235 731 275 demum.
773 237 844 273 Pro
859 236 992 279 redire,
1009 235 1111 283 quod
1125 236 1309 283 vulgatur,
1331 245 1456 271 emen-

77 293 166 332 davi
194 293 416 341 promtum
441 294 515 330 ire.-
549 304 635 330 nam
654 304 700 330 ea
730 298 807 330 erat
836 293 1067 330 consuetudo
1094 293 1258 340 equitum
1287 290 1456 329 Sertorii.

75 349 180 386 nem
203 351 358 387 verbum
373 350 619 398 corrumpitur
639 351 748 387 etiam
768 350 828 386 ΙΙΙ.
849 351 904 394 16,
929 353 986 388 13.
1015 343 1034 402 ΙΙ
1061 358 1107 385 ne
1123 349 1327 386 solveretur
1346 347 1456 393 disc.)

74 405 392 443 nea-emendatio
426 410 497 442 est.
528 406 646 443 Libri:
673 406 771 454 quod
793 417 875 442 cum
897 406 1036 442 solvere
1060 406 1149 441 ἀίεε.
1189 404 1285 441 Oud.
1319 403 1455 440 edidit:

73 461 207 499 aulem
222 471 274 499 ex
291 461 383 499 disc.
419 462 610 499 Postremo
630 473 699 510 pro
720 463 917 507 interritos,
939 461 1041 508 quod
1058 463 1243 509 vulgatur,
1264 461 1458 497 restituen-

76 517 166 554 dum
183 522 249 555 aut
261 519 427 564 autenm,
444 523 507 555 aut
519 519 643 565 potius
659 519 880 562 interimus,
896 529 949 554 sc.
965 517 1196 566 disciplinae,
1218 522 1281 554 aut
1296 516 1458 554 hostium

75 573 235 620 insidiis,
256 578 320 610 aut
334 574 494 622 imperio
515 574 681 612 Sertorii.
728 574 783 612 Cf.
816 574 859 610 11.
875 579 908 618 5,
933 577 970 612 4

189 630 278 677 Cap.
298 630 393 667 xm.
419 634 455 669 2.
490 640 643 679 εαηιςιιε
667 631 858 677 sectando)
891 641 939 666 ex
968 629 1069 667 Med.
1097 634 1134 665 et
1157 629 1261 666 Leid.
1291 629 1459 676 reposui,

74 686 264 734 proeique
280 686 488 724 sedandae.
506 681 527 738 ΙΙ
545 692 580 726 5.
598 688 707 724 neec·-
731 687 894 734 subseq.)
919 687 1035 734 Lipsii
1064 687 1294 730 coniectura,
1325 696 1393 732 pro
1413 694 1461 721 ne

76 750 276 789 casu-req,
296 742 397 790 quod
416 743 520 779 nihili
539 748 608 780 est.
629 737 648 796 ΙΙ
666 745 705 779 in
730 745 846 780 armss
867 747 902 779 et
921 744 1041 789 vuln.)
1081 742 1143 780 Sic
1163 753 1184 778 e
1208 741 1319 778 codd.
1347 742 1461 778 vesti·

78 797 151 846 giis
167 798 419 835 scribendum.
465 798 515 835 In
533 799 693 836 arntisi.
714 810 748 837 e.
771 804 934 836 armatus
958 800 1058 844 (Liv.
1080 799 1122 836 11.
1147 803 1212 837 lo:
1232 802 1400 834 armatus
1421 799 1461 833 in

82 853 240 890 Tiberim
261 853 438 900 dmi),
474 854 523 891 de
551 865 624 902 qua
651 856 839 892 locutione
865 866 905 891 v.
932 856 1088 892 Forcell.
1114 856 1205 891 Lex.
1258 854 1320 891 Ad
1343 855 1460 890 verba

77 909 450 947 avuheribusoner.
466 911 514 947 cs.
533 911 635 947 Liv..
654 912 843 959 multisque
854 911 1366 958 superincidentibustebk—
1381 915 1459 947 tra-

78 966 188 1003 navit.
246 965 379 1002 Brevi.
397 966 629 1011 „bewaffnet
645 966 723 1002 und
737 967 802 1002 mit
819 967 997 1010 Wundon
1010 967 1212 1004 bedeckt.“

191 1022 270 1058 Lib.
285 1022 346 1061 111.
383 1022 541 1059 Praerat.
560 1023 660 1060 ultra
675 1023 902 1069 art.ma1.')
894 1034 918 1059 ι.
938 1034 973 1059 e.
993 1023 1133 1059 nullam
1154 1023 1347 1058 materiam
1367 1023 1462 1058 ultra

80 1079 272 1115 nuteriam
291 1078 438 1114 artium.
475 1079 536 1114 Αιι
562 1079 662 1115 ultra
686 1082 831 1115 artern⁹
858 1079 958 1116 Artis
991 1083 1131 1115 tantum
1153 1083 1328 1125 respectu
1348 1083 1463 1114 mate·

80 1134 175 1171 riam
189 1135 376 1181 praebent.
394 1129 415 1186 fl
434 1133 631 1180 hostilium)
651 1134 753 1171 Leid.
766 1146 823 1182 pr.
845 1139 878 1172 et
899 1135 971 1180 alii,
1001 1146 1069 1182 pro
1090 1134 1257 1172 hostiam.

192 1189 410 1237 Cap.1.1:
444 1193 632 1236 etneces.)
661 1195 697 1227 et
722 1202 770 1227 ex
789 1202 861 1228 ms.
882 1191 1079 1228 Gronovii:
1116 1201 1220 1228 more
1242 1190 1420 1227 Frontini.
1442 1184 1460 1241 Η

79 1246 343 1294 θήρεια-ἠοῖ.
358 1257 392 1282 e.
412 1247 785 1294 praeoccupaverint.

194 1302 286 1349 Cap.
307 1302 350 1338 11.
373 1305 411 1341 6.
437 1303 583 1350 Affliy.)
612 1303 726 1339 Error
755 1303 875 1351 ipsius
904 1303 1086 1349 auctoris,
1116 1300 1156 1339 u!
1182 1302 1343 1338 videtur.
1398 1301 1462 1338 Ad

81 1357 246 1396 catinam
268 1369 331 1395 res
349 1359 517 1406 pertinet.
538 1360 718 1407 Polym-n.
747 1359 774 1403 1,
791 1363 850 1404 40,
866 1361 913 1396 4..
926 1355 942 1409 Η
965 1362 1000 1398 9.
1022 1359 1191 1405 Soanda)
1212 1359 1266 1395 Ita
1284 1358 1366 1394 ltin.
1384 1358 1463 1394 An·-

79 1419 156 1452 ton.
183 1419 221 1450 et
240 1414 363 1452 Strab.
397 1414 523 1462 Vulgo
552 1414 714 1452 Suenda.
749 1409 766 1466 ΙΙ
807 1420 864 1454 10.
893 1416 1167 1463 deposuerunt)
1197 1415 1324 1451 Recte.
1363 1413 1462 1450 Vide

80 1481 204 1508 meam
224 1469 350 1508 adnot.
376 1470 426 1507 ad
444 1471 571 1507 Daret.
591 1471 732 1519 Phryg.
753 1483 790 1518 p.
808 1474 866 1509 45.
886 1466 905 1522 Η
924 1476 981 1510 11.
998 1471 1196 1508 Sama-mn
1215 1483 1254 1507 m
1269 1482 1314 1518 p.
1316 1472 1335 1516 )
1350 1471 1463 1519 Vulg-

79 1526 121 1562 t‘n
139 1526 348 1574 Samiorum
360 1537 403 1574 p.
442 1525 520 1564 Sed
539 1528 688 1574 plurimi
707 1527 789 1564 libri
809 1539 884 1563 nou
903 1532 1116 1574 agnoscunt
1135 1538 1181 1564 eo
1199 1529 1283 1564 loeo
1304 1538 1463 1574 praepo·

69 1581 266 1618 ·sitionem.
303 1581 404 1619 Sane
423 1584 513 1620 urbs
529 1584 599 1619 sita
619 1583 669 1619 ad
687 1584 809 1619 sinum
826 1582 1065 1630 Singiticum=
1087 1594 1183 1629 quae
1204 1594 1315 1631 quum
1334 1583 1462 1619 Mace-

83 1635 219 1674 doniae
255 1638 322 1683 sit,
355 1638 575 1675 Timarchus
607 1643 728 1675 autem
770 1638 900 1675 habitu
938 1639 1184 1675 Macedonico
1222 1639 1462 1687 reciperetur,

81 1697 184 1730 recte
204 1704 246 1730 se
263 1693 414 1730 habebit
433 1694 644 1732 Saniorum.
691 1694 744 1731 Cr.
771 1695 867 1731 infra
884 1706 966 1742 cap.
986 1698 1020 1738 3,
1040 1699 1075 1733 5.

197 1746 287 1795 Cap.
304 1749 362 1787 111.
385 1754 419 1788 1.
429 1751 631 1796 potiretur)
651 1749 744 1787 Cod.
770 1750 877 1787 Goth.
900 1754 1104 1798 potes-etur.
1139 1749 1230 1787 vid.
1259 1750 1386 1788 Haase
1415 1750 1465 1787 ad

84 1800 248 1850 Reisig’s
266 1804 413 1841 Vorles.
445 1807 537 1842 iiber
564 1807 626 1842 lat.
653 1806 812 1852 Sprach.
837 1818 875 1854 p.
900 1811 982 1845 251.
1016 1801 1034 1857 Η
1062 1809 1101 1845 4.
1128 1807 1293 1853 Dareus)
1320 1807 1465 1843 restitui

85 1860 173 1907 (pro
190 1859 341 1906 Cyrus),
360 1860 447 1906 quia
466 1860 608 1897 admitti
632 1872 706 1897 non
725 1866 848 1909 potest
868 1864 1008 1910 opinio,
1027 1863 1203 1899 Frontino
1222 1864 1343 1900 tritam
1367 1863 1466 1900 hanc

85 1925 165 1951 rem
185 1915 351 1963 ignotam
367 1916 503 1961 suisse3
531 1921 660 1953 contra
686 1917 856 1955 librarios
876 1920 939 1955 vel
969 1919 1163 1956 notissima
1183 1920 1334 1956 nomina
1357 1918 1467 1955 foede

86 1981 340 2018 corrumpere,
361 1972 452 2008 satis
472 1983 658 2020 superque
686 1973 761 2010 iam
778 1975 1004 2012 audivimus.
1030 1969 1049 2027 ss
1080 1975 1352 2020 adtenuante),
1356 1975 1469 2020 ‚Treu

87 2026 165 2064 und
184 2027 350 2064 Glauben
378 2038 427 2063 an
456 2027 517 2063 die
539 2029 705 2065 erlittene
722 2030 843 2067 Unbill
867 2031 1137 2068 schmeichelte
1161 2032 1244 2069 sich
1270 2032 1330 2068 bei
1353 2031 1468 2066 ihnen

87 2083 253 2131 allmalig
270 2084 356 2119 ein-⁶
359 2077 407 2136 ιΙΙ
426 2083 580 2130 hostem)
602 2085 678 2121 Aut
695 2084 767 2124 hoc
783 2087 1034 2133 inserendum,
1058 2092 1121 2124 aut
1139 2088 1234 2124 insta
1252 2098 1321 2134 pro
1335 2088 1373 2122 in
1388 2095 1471 2122 eum

86 2138 288 2186 legendum
314 2143 371 2176 est
399 2141 438 2176 in
462 2139 612 2176 hortm
644 2134 664 2193 ss
695 2145 730 2179 5.
756 2147 790 2179 et
809 2143 932 2192 conf.)
965 2144 1079 2191 Vulg-
1107 2144 1301 2191 Confestim
1328 2141 1469 2178 deinde.

89 2192 168 2231 Sed
187 2195 315 2232 deinde
336 2196 443 2232 abest
468 2197 515 2232 ab
534 2196 682 2243 optimis
701 2198 826 2243 libris,
858 2204 967 2246 atque
988 2203 1023 2236 et
1040 2202 1255 2246 absorptum
1282 2202 1339 2234 est
1368 2198 1470 2235 exitu

86 2250 264 2295 praeced.
285 2252 402 2288 verbi.
422 2246 442 2304 ss
462 2255 495 2291 6.
511 2253 659 2299 ipse—
674 2254 983 2300 ειώηιὺιίεἰναὺαι)
1010 2255 1065 2293 Ita
1083 2255 1183 2291 Med.
1205 2265 1276 2301 pr.,
1295 2254 1413 2290 Palat-
1434 2257 1472 2289 et

89 2303 250 2352 Lipsius.
282 2307 398 2356 Vulg.
415 2309 888 2357 tff—subministrabani.
916 2306 936 2363 fl
962 2314 998 2351 7.
1020 2313 1121 2357 cum)
1148 2310 1311 2355 inserui3
1343 2314 1472 2347 contra
