<?xml version="1.0" encoding="UTF-8"?>
<!DOCTYPE html PUBLIC "-//W3C//DTD XHTML 1.0 Transitional//EN"
    "http://www.w3.org/TR/xhtml1/DTD/xhtml1-transitional.dtd">
<html xmlns="http://www.w3.org/1999/xhtml" xml:lang="en" lang="en">
 <head>
  <title>
</title>
<meta http-equiv="Content-Type" content="text/html;charset=utf-8" />
  <meta name='ocr-system' content='tesseract 3.04.00' />
  <meta name='ocr-capabilities' content='ocr_page ocr_carea ocr_par ocr_line ocrx_word'/>
</head>
<body>
  <div class='ocr_page' id='page_1' title='image "./strategematiconl00fronuoft_0107.png"; bbox 0 0 1566 2496; ppageno 0'>
   <div class='ocr_carea' id='block_1_1' title="bbox 258 130 1415 180">
    <p class='ocr_par' dir='ltr' id='par_1_1' title="bbox 258 130 1415 180">
     <span class='ocr_line' id='line_1_1' title="bbox 258 130 1415 180; baseline -0.008 -1"><span class='ocrx_word' id='word_1_1' title='bbox 258 143 705 180; x_wconf 66' lang='lat' dir='ltr'>swnnmnm&#39;rrcox</span> <span class='ocrx_word' id='word_1_2' title='bbox 733 143 827 174; x_wconf 79' lang='lat' dir='ltr'>Lm.</span> <span class='ocrx_word' id='word_1_3' title='bbox 844 143 904 173; x_wconf 82' lang='lat' dir='ltr'>1v.</span> <span class='ocrx_word' id='word_1_4' title='bbox 937 142 1038 173; x_wconf 77' lang='lat' dir='ltr'><strong>CAP.</strong></span> <span class='ocrx_word' id='word_1_5' title='bbox 1058 141 1213 172; x_wconf 83' lang='lat' dir='ltr'>111—v.</span> <span class='ocrx_word' id='word_1_6' title='bbox 1364 130 1415 170; x_wconf 85' lang='grc'>87</span> 
     </span>
    </p>
   </div>
   <div class='ocr_carea' id='block_1_2' title="bbox 508 246 948 356">
    <p class='ocr_par' dir='ltr' id='par_1_2' title="bbox 508 246 948 356">
     <span class='ocr_line' id='line_1_2' title="bbox 577 246 873 287; baseline -0.007 0"><span class='ocrx_word' id='word_1_7' title='bbox 577 247 771 287; x_wconf 86' lang='lat' dir='ltr'>CAPUT</span> <span class='ocrx_word' id='word_1_8' title='bbox 800 246 873 286; x_wconf 88' lang='lat' dir='ltr'>IV.</span> 
     </span>
     <span class='ocr_line' id='line_1_3' title="bbox 508 322 948 356; baseline -0.011 0"><span class='ocrx_word' id='word_1_9' title='bbox 508 325 587 355; x_wconf 82' lang='lat' dir='ltr'>DE</span> <span class='ocrx_word' id='word_1_10' title='bbox 621 322 948 356; x_wconf 75' lang='lat' dir='ltr'>1usT1&#39;r1A.</span> 
     </span>
    </p>
   </div>
   <div class='ocr_carea' id='block_1_3' title="bbox 46 389 1425 1175">
    <p class='ocr_par' dir='ltr' id='par_1_3' title="bbox 46 389 1421 840">
     <span class='ocr_line' id='line_1_4' title="bbox 162 389 1418 446; baseline -0.009 -8"><span class='ocrx_word' id='word_1_11' title='bbox 162 399 199 438; x_wconf 85' lang='lat'>1.</span> <span class='ocrx_word' id='word_1_12' title='bbox 256 396 446 446; x_wconf 86' lang='lat' dir='ltr'>Camillo,</span> <span class='ocrx_word' id='word_1_13' title='bbox 481 393 655 434; x_wconf 81' lang='lat' dir='ltr'><strong>Faliscos</strong></span> <span class='ocrx_word' id='word_1_14' title='bbox 696 391 910 442; x_wconf 82' lang='lat' dir='ltr'><strong>obsidenti,</strong></span> <span class='ocrx_word' id='word_1_15' title='bbox 947 391 1024 431; x_wconf 89' lang='lat' dir='ltr'>ludi</span> <span class='ocrx_word' id='word_1_16' title='bbox 1059 390 1243 441; x_wconf 87' lang='lat' dir='ltr'>magister</span> <span class='ocrx_word' id='word_1_17' title='bbox 1272 389 1418 428; x_wconf 90' lang='lat' dir='ltr'>liberos</span> 
     </span>
     <span class='ocr_line' id='line_1_5' title="bbox 46 445 1419 504; baseline -0.009 -8"><span class='ocrx_word' id='word_1_18' title='bbox 46 454 283 504; x_wconf 70' lang='lat' dir='ltr'><strong>Faliscorum</strong></span> <span class='ocrx_word' id='word_1_19' title='bbox 319 459 508 504; x_wconf 82' lang='lat' dir='ltr'><strong>tamquam</strong></span> <span class='ocrx_word' id='word_1_20' title='bbox 547 449 761 490; x_wconf 91' lang='lat' dir='ltr'>ambulandi</span> <span class='ocrx_word' id='word_1_21' title='bbox 794 461 909 488; x_wconf 89' lang='lat' dir='ltr'>causa</span> <span class='ocrx_word' id='word_1_22' title='bbox 945 454 1053 487; x_wconf 84' lang='lat' dir='ltr'>extra</span> <span class='ocrx_word' id='word_1_23' title='bbox 1083 458 1227 485; x_wconf 88' lang='lat' dir='ltr'>murum</span> <span class='ocrx_word' id='word_1_24' title='bbox 1256 445 1419 484; x_wconf 90' lang='lat' dir='ltr'>eductos</span> 
     </span>
     <span class='ocr_line' id='line_1_6' title="bbox 48 503 1421 560; baseline -0.008 -9"><span class='ocrx_word' id='word_1_25' title='bbox 48 509 223 560; x_wconf 77' lang='lat' dir='ltr'><strong>tradidit,</strong></span> <span class='ocrx_word' id='word_1_26' title='bbox 251 510 384 549; x_wconf 91' lang='lat' dir='ltr'>dicens</span> <span class='ocrx_word' id='word_1_27' title='bbox 414 506 637 560; x_wconf 82' lang='lat' dir='ltr'>repetendis</span> <span class='ocrx_word' id='word_1_28' title='bbox 668 506 725 544; x_wconf 88' lang='lat' dir='ltr'>eis</span> <span class='ocrx_word' id='word_1_29' title='bbox 749 504 948 544; x_wconf 89' lang='lat' dir='ltr'>obsidibus</span> <span class='ocrx_word' id='word_1_30' title='bbox 977 503 1201 543; x_wconf 89' lang='lat' dir='ltr'>necessario</span> <span class='ocrx_word' id='word_1_31' title='bbox 1228 503 1421 541; x_wconf 88' lang='lat' dir='ltr'>civitatem</span> 
     </span>
     <span class='ocr_line' id='line_1_7' title="bbox 47 558 1418 618; baseline -0.007 -12"><span class='ocrx_word' id='word_1_32' title='bbox 47 567 235 618; x_wconf 89' lang='lat' dir='ltr'>imperata</span> <span class='ocrx_word' id='word_1_33' title='bbox 274 565 472 605; x_wconf 86' lang='lat' dir='ltr'>facturam.</span> <span class='ocrx_word' id='word_1_34' title='bbox 531 561 712 602; x_wconf 82' lang='lat' dir='ltr'><strong>Camillus</strong></span> <span class='ocrx_word' id='word_1_35' title='bbox 747 573 822 600; x_wconf 91' lang='lat' dir='ltr'>non</span> <span class='ocrx_word' id='word_1_36' title='bbox 860 560 982 600; x_wconf 89' lang='lat' dir='ltr'>solum</span> <span class='ocrx_word' id='word_1_37' title='bbox 1020 559 1167 611; x_wconf 89' lang='lat' dir='ltr'>sprevit</span> <span class='ocrx_word' id='word_1_38' title='bbox 1205 558 1418 610; x_wconf 82' lang='lat' dir='ltr'>perfidiam,</span> 
     </span>
     <span class='ocr_line' id='line_1_8' title="bbox 47 615 1419 672; baseline -0.008 -9"><span class='ocrx_word' id='word_1_39' title='bbox 47 622 119 663; x_wconf 80' lang='lat' dir='ltr'>sed</span> <span class='ocrx_word' id='word_1_40' title='bbox 152 628 191 662; x_wconf 85' lang='lat' dir='ltr'>et</span> <span class='ocrx_word' id='word_1_41' title='bbox 218 621 405 660; x_wconf 79' lang='lat' dir='ltr'>restrictis</span> <span class='ocrx_word' id='word_1_42' title='bbox 444 625 534 672; x_wconf 88' lang='lat' dir='ltr'>post</span> <span class='ocrx_word' id='word_1_43' title='bbox 569 625 679 669; x_wconf 89' lang='lat' dir='ltr'>terga</span> <span class='ocrx_word' id='word_1_44' title='bbox 707 617 879 656; x_wconf 88' lang='lat' dir='ltr'>manibus</span> <span class='ocrx_word' id='word_1_45' title='bbox 906 617 1126 667; x_wconf 90' lang='lat' dir='ltr'>magistrum</span> <span class='ocrx_word' id='word_1_46' title='bbox 1154 615 1274 664; x_wconf 90' lang='lat' dir='ltr'>virgis</span> <span class='ocrx_word' id='word_1_47' title='bbox 1303 626 1419 664; x_wconf 89' lang='lat' dir='ltr'>agen-</span> 
     </span>
     <span class='ocr_line' id='line_1_9' title="bbox 49 671 1418 729; baseline -0.007 -12"><span class='ocrx_word' id='word_1_48' title='bbox 49 678 136 718; x_wconf 86' lang='lat' dir='ltr'>dum</span> <span class='ocrx_word' id='word_1_49' title='bbox 165 677 212 716; x_wconf 88' lang='lat' dir='ltr'>ad</span> <span class='ocrx_word' id='word_1_50' title='bbox 242 682 424 729; x_wconf 85' lang='lat' dir='ltr'>parentes</span> <span class='ocrx_word' id='word_1_51' title='bbox 443 674 594 714; x_wconf 84' lang='lat' dir='ltr'>tradidit</span> <span class='ocrx_word' id='word_1_52' title='bbox 618 674 771 725; x_wconf 82' lang='lat' dir='ltr'>pueris,</span> <span class='ocrx_word' id='word_1_53' title='bbox 803 673 966 722; x_wconf 84' lang='lat' dir='ltr'>adeptus</span> <span class='ocrx_word' id='word_1_54' title='bbox 989 672 1180 711; x_wconf 86' lang='lat' dir='ltr'>beneficio</span> <span class='ocrx_word' id='word_1_55' title='bbox 1204 671 1418 718; x_wconf 85' lang='lat' dir='ltr'>victoriam,</span> 
     </span>
     <span class='ocr_line' id='line_1_10' title="bbox 50 727 1421 786; baseline -0.006 -14"><span class='ocrx_word' id='word_1_56' title='bbox 50 745 163 786; x_wconf 84' lang='lat' dir='ltr'>quam</span> <span class='ocrx_word' id='word_1_57' title='bbox 189 733 323 771; x_wconf 84' lang='lat' dir='ltr'>fraude</span> <span class='ocrx_word' id='word_1_58' title='bbox 349 743 426 770; x_wconf 93' lang='lat' dir='ltr'>non</span> <span class='ocrx_word' id='word_1_59' title='bbox 453 731 720 781; x_wconf 86' lang='lat' dir='ltr'>concupierat:</span> <span class='ocrx_word' id='word_1_60' title='bbox 746 742 831 768; x_wconf 90' lang='lat' dir='ltr'>nam</span> <span class='ocrx_word' id='word_1_61' title='bbox 861 729 1003 768; x_wconf 89' lang='lat' dir='ltr'>Falisci</span> <span class='ocrx_word' id='word_1_62' title='bbox 1034 728 1084 767; x_wconf 92' lang='lat' dir='ltr'>ob</span> <span class='ocrx_word' id='word_1_63' title='bbox 1114 728 1212 766; x_wconf 88' lang='lat' dir='ltr'>hanc</span> <span class='ocrx_word' id='word_1_64' title='bbox 1242 727 1421 765; x_wconf 86' lang='lat' dir='ltr'>iustitiam</span> 
     </span>
     <span class='ocr_line' id='line_1_11' title="bbox 50 787 591 840; baseline -0.007 -13"><span class='ocrx_word' id='word_1_65' title='bbox 50 795 189 840; x_wconf 91' lang='lat' dir='ltr'>sponte</span> <span class='ocrx_word' id='word_1_66' title='bbox 218 789 254 827; x_wconf 91' lang='lat' dir='ltr'>ei</span> <span class='ocrx_word' id='word_1_67' title='bbox 279 800 322 826; x_wconf 90' lang='lat' dir='ltr'>se</span> <span class='ocrx_word' id='word_1_68' title='bbox 353 787 591 826; x_wconf 90' lang='lat' dir='ltr'>dediderunt.</span> 
     </span>
    </p>

    <p class='ocr_par' dir='ltr' id='par_1_4' title="bbox 52 838 1425 1175">
     <span class='ocr_line' id='line_1_12' title="bbox 163 838 1423 888; baseline -0.005 -5"><span class='ocrx_word' id='word_1_69' title='bbox 163 843 203 886; x_wconf 90' lang='lat'>2.</span> <span class='ocrx_word' id='word_1_70' title='bbox 251 843 314 882; x_wconf 87' lang='lat' dir='ltr'>Ad</span> <span class='ocrx_word' id='word_1_71' title='bbox 351 842 568 882; x_wconf 87' lang='lat' dir='ltr'>Fabricium</span> <span class='ocrx_word' id='word_1_72' title='bbox 606 840 743 879; x_wconf 92' lang='lat' dir='ltr'>ducem</span> <span class='ocrx_word' id='word_1_73' title='bbox 779 839 1036 879; x_wconf 90' lang='lat' dir='ltr'>Romanorum</span> <span class='ocrx_word' id='word_1_74' title='bbox 1073 839 1245 879; x_wconf 89' lang='lat' dir='ltr'>medicus</span> <span class='ocrx_word' id='word_1_75' title='bbox 1286 838 1423 888; x_wconf 78' lang='lat' dir='ltr'>Pyrrhi</span> 
     </span>
     <span class='ocr_line' id='line_1_13' title="bbox 52 894 1420 952; baseline -0.005 -12"><span class='ocrx_word' id='word_1_76' title='bbox 52 899 296 952; x_wconf 81' lang='lat' dir='ltr'>Epirotarum</span> <span class='ocrx_word' id='word_1_77' title='bbox 318 899 422 949; x_wconf 88' lang='lat' dir='ltr'>regis</span> <span class='ocrx_word' id='word_1_78' title='bbox 443 897 619 949; x_wconf 86' lang='lat' dir='ltr'>pervenit</span> <span class='ocrx_word' id='word_1_79' title='bbox 640 896 913 948; x_wconf 88' lang='lat' dir='ltr'>pollicitusque</span> <span class='ocrx_word' id='word_1_80' title='bbox 936 901 995 934; x_wconf 91' lang='lat' dir='ltr'>est</span> <span class='ocrx_word' id='word_1_81' title='bbox 1016 896 1188 934; x_wconf 90' lang='lat' dir='ltr'>daturum</span> <span class='ocrx_word' id='word_1_82' title='bbox 1208 908 1252 934; x_wconf 91' lang='lat' dir='ltr'>se</span> <span class='ocrx_word' id='word_1_83' title='bbox 1273 894 1420 944; x_wconf 76' lang='lat' dir='ltr'>Pyrrho</span> 
     </span>
     <span class='ocr_line' id='line_1_14' title="bbox 55 951 1422 1005; baseline -0.005 -10"><span class='ocrx_word' id='word_1_84' title='bbox 55 968 266 1005; x_wconf 86' lang='lat' dir='ltr'>venenum,</span> <span class='ocrx_word' id='word_1_85' title='bbox 299 955 332 994; x_wconf 90' lang='lat' dir='ltr'>si</span> <span class='ocrx_word' id='word_1_86' title='bbox 359 966 512 993; x_wconf 88' lang='lat' dir='ltr'>merces</span> <span class='ocrx_word' id='word_1_87' title='bbox 541 952 636 1002; x_wconf 89' lang='lat' dir='ltr'>sibi,</span> <span class='ocrx_word' id='word_1_88' title='bbox 667 953 704 989; x_wconf 95' lang='lat' dir='ltr'>in</span> <span class='ocrx_word' id='word_1_89' title='bbox 732 964 806 1003; x_wconf 87' lang='lat' dir='ltr'>qua</span> <span class='ocrx_word' id='word_1_90' title='bbox 827 963 973 1003; x_wconf 89' lang='lat' dir='ltr'>operae</span> <span class='ocrx_word' id='word_1_91' title='bbox 1001 952 1163 1002; x_wconf 86' lang='lat' dir='ltr'>pretium</span> <span class='ocrx_word' id='word_1_92' title='bbox 1191 951 1309 1000; x_wconf 82' lang='lat' dir='ltr'>foret,</span> <span class='ocrx_word' id='word_1_93' title='bbox 1333 962 1422 990; x_wconf 94' lang='lat' dir='ltr'>con-</span> 
     </span>
     <span class='ocr_line' id='line_1_15' title="bbox 54 1007 1425 1058; baseline -0.004 -8"><span class='ocrx_word' id='word_1_94' title='bbox 54 1013 288 1053; x_wconf 78' lang='lat' dir='ltr'>stitueretur.</span> <span class='ocrx_word' id='word_1_95' title='bbox 349 1009 434 1058; x_wconf 81' lang='lat' dir='ltr'>Quo</span> <span class='ocrx_word' id='word_1_96' title='bbox 470 1009 642 1048; x_wconf 77' lang='lat' dir='ltr'>facinore</span> <span class='ocrx_word' id='word_1_97' title='bbox 678 1007 877 1047; x_wconf 86' lang='lat' dir='ltr'>Fabricius</span> <span class='ocrx_word' id='word_1_98' title='bbox 922 1019 1040 1058; x_wconf 88' lang='lat' dir='ltr'>egere</span> <span class='ocrx_word' id='word_1_99' title='bbox 1082 1007 1282 1045; x_wconf 87' lang='lat' dir='ltr'>victoriam</span> <span class='ocrx_word' id='word_1_100' title='bbox 1319 1019 1425 1045; x_wconf 90' lang='lat' dir='ltr'>suam</span> 
     </span>
     <span class='ocr_line' id='line_1_16' title="bbox 53 1062 1424 1116; baseline -0.004 -10"><span class='ocrx_word' id='word_1_101' title='bbox 53 1079 130 1106; x_wconf 90' lang='lat' dir='ltr'>non</span> <span class='ocrx_word' id='word_1_102' title='bbox 158 1066 361 1106; x_wconf 88' lang='lat' dir='ltr'>arbitratus</span> <span class='ocrx_word' id='word_1_103' title='bbox 393 1066 478 1116; x_wconf 89' lang='lat' dir='ltr'>regi</span> <span class='ocrx_word' id='word_1_104' title='bbox 515 1065 701 1103; x_wconf 89' lang='lat' dir='ltr'>medicum</span> <span class='ocrx_word' id='word_1_105' title='bbox 733 1063 901 1112; x_wconf 87' lang='lat' dir='ltr'>detexit,</span> <span class='ocrx_word' id='word_1_106' title='bbox 941 1067 1069 1114; x_wconf 80' lang='lat' dir='ltr'>atque·</span> <span class='ocrx_word' id='word_1_107' title='bbox 1086 1075 1131 1101; x_wconf 87' lang='lat' dir='ltr'>ea</span> <span class='ocrx_word' id='word_1_108' title='bbox 1164 1062 1239 1101; x_wconf 88' lang='lat' dir='ltr'>fide</span> <span class='ocrx_word' id='word_1_109' title='bbox 1272 1064 1424 1110; x_wconf 91' lang='lat' dir='ltr'>meruit,</span> 
     </span>
     <span class='ocr_line' id='line_1_17' title="bbox 53 1117 1423 1175; baseline -0.004 -13"><span class='ocrx_word' id='word_1_110' title='bbox 53 1129 93 1161; x_wconf 91' lang='lat' dir='ltr'>ut</span> <span class='ocrx_word' id='word_1_111' title='bbox 116 1123 165 1162; x_wconf 90' lang='lat' dir='ltr'>ad</span> <span class='ocrx_word' id='word_1_112' title='bbox 180 1122 434 1175; x_wconf 87' lang='lat' dir='ltr'>adpetendam</span> <span class='ocrx_word' id='word_1_113' title='bbox 454 1121 653 1160; x_wconf 87' lang='lat' dir='ltr'>amicitiam</span> <span class='ocrx_word' id='word_1_114' title='bbox 670 1120 924 1158; x_wconf 86' lang='lat' dir='ltr'>Romanorum</span> <span class='ocrx_word' id='word_1_115' title='bbox 948 1118 1202 1171; x_wconf 89' lang='lat' dir='ltr'>compelleret</span> <span class='ocrx_word' id='word_1_116' title='bbox 1226 1117 1423 1168; x_wconf 82' lang='lat' dir='ltr'>Pyrrhum.</span> 
     </span>
    </p>
   </div>
   <div class='ocr_carea' id='block_1_4' title="bbox 539 1220 937 1329">
    <p class='ocr_par' dir='ltr' id='par_1_5' title="bbox 539 1220 937 1329">
     <span class='ocr_line' id='line_1_18' title="bbox 597 1220 877 1260; baseline -0.007 0"><span class='ocrx_word' id='word_1_117' title='bbox 597 1220 627 1260; x_wconf 86' lang='lat' dir='ltr'>C</span> <span class='ocrx_word' id='word_1_118' title='bbox 639 1220 674 1259; x_wconf 86' lang='grc' dir='ltr'><strong>Α</strong></span> <span class='ocrx_word' id='word_1_119' title='bbox 684 1221 712 1260; x_wconf 93' lang='grc' dir='ltr'>Ρ</span> <span class='ocrx_word' id='word_1_120' title='bbox 722 1220 757 1260; x_wconf 91' lang='lat' dir='ltr'>U</span> <span class='ocrx_word' id='word_1_121' title='bbox 771 1220 801 1259; x_wconf 88' lang='lat' dir='ltr'>T</span> <span class='ocrx_word' id='word_1_122' title='bbox 829 1220 877 1259; x_wconf 83' lang='lat' dir='ltr'>V.</span> 
     </span>
     <span class='ocr_line' id='line_1_19' title="bbox 539 1296 937 1329; baseline -0.005 0"><span class='ocrx_word' id='word_1_123' title='bbox 539 1297 602 1329; x_wconf 81' lang='lat' dir='ltr'>DE</span> <span class='ocrx_word' id='word_1_124' title='bbox 632 1296 937 1327; x_wconf 71' lang='lat' dir='ltr'>CONSTANTIA.</span> 
     </span>
    </p>
   </div>
   <div class='ocr_carea' id='block_1_5' title="bbox 45 1365 1432 2366">
    <p class='ocr_par' dir='ltr' id='par_1_6' title="bbox 45 1365 1429 1751">
     <span class='ocr_line' id='line_1_20' title="bbox 144 1365 1425 1420; baseline -0.005 -12"><span class='ocrx_word' id='word_1_125' title='bbox 144 1369 203 1409; x_wconf 87' lang='grc'>,1.</span> <span class='ocrx_word' id='word_1_126' title='bbox 258 1366 328 1407; x_wconf 88' lang='lat' dir='ltr'>Cn.</span> <span class='ocrx_word' id='word_1_127' title='bbox 364 1368 568 1420; x_wconf 89' lang='lat' dir='ltr'>Pompeius</span> <span class='ocrx_word' id='word_1_128' title='bbox 613 1366 840 1406; x_wconf 87' lang='lat' dir='ltr'>minantibus</span> <span class='ocrx_word' id='word_1_129' title='bbox 886 1379 930 1405; x_wconf 88' lang='lat' dir='ltr'>se</span> <span class='ocrx_word' id='word_1_130' title='bbox 969 1366 1189 1418; x_wconf 88' lang='lat' dir='ltr'>direpturos</span> <span class='ocrx_word' id='word_1_131' title='bbox 1227 1365 1425 1416; x_wconf 86' lang='lat' dir='ltr'>pecuniam</span> 
     </span>
     <span class='ocr_line' id='line_1_21' title="bbox 55 1420 1428 1476; baseline -0.004 -12"><span class='ocrx_word' id='word_1_132' title='bbox 55 1424 260 1474; x_wconf 81' lang='lat' dir='ltr'>militibus,</span> <span class='ocrx_word' id='word_1_133' title='bbox 291 1436 390 1476; x_wconf 86' lang='lat' dir='ltr'>quae</span> <span class='ocrx_word' id='word_1_134' title='bbox 418 1426 456 1463; x_wconf 93' lang='lat' dir='ltr'>in</span> <span class='ocrx_word' id='word_1_135' title='bbox 479 1423 667 1475; x_wconf 90' lang='lat' dir='ltr'>triumpho</span> <span class='ocrx_word' id='word_1_136' title='bbox 694 1423 882 1470; x_wconf 73' lang='lat' dir='ltr'>ferretur,</span> <span class='ocrx_word' id='word_1_137' title='bbox 913 1422 1079 1461; x_wconf 88' lang='lat' dir='ltr'>Servilio</span> <span class='ocrx_word' id='word_1_138' title='bbox 1110 1428 1147 1460; x_wconf 88' lang='lat' dir='ltr'>et</span> <span class='ocrx_word' id='word_1_139' title='bbox 1174 1420 1331 1460; x_wconf 87' lang='lat' dir='ltr'>Glaucia</span> <span class='ocrx_word' id='word_1_140' title='bbox 1363 1432 1428 1459; x_wconf 90' lang='lat' dir='ltr'>co-</span> 
     </span>
     <span class='ocr_line' id='line_1_22' title="bbox 58 1477 1428 1528; baseline -0.004 -9"><span class='ocrx_word' id='word_1_141' title='bbox 58 1480 293 1519; x_wconf 84' lang='lat' dir='ltr'>hortantibus</span> <span class='ocrx_word' id='word_1_142' title='bbox 314 1486 355 1519; x_wconf 91' lang='lat' dir='ltr'>ut</span> <span class='ocrx_word' id='word_1_143' title='bbox 379 1481 567 1520; x_wconf 88' lang='lat' dir='ltr'>divideret</span> <span class='ocrx_word' id='word_1_144' title='bbox 588 1492 694 1528; x_wconf 87' lang='lat' dir='ltr'>eam,</span> <span class='ocrx_word' id='word_1_145' title='bbox 724 1491 772 1517; x_wconf 91' lang='lat' dir='ltr'>ne</span> <span class='ocrx_word' id='word_1_146' title='bbox 798 1478 937 1517; x_wconf 92' lang='lat' dir='ltr'>seditio</span> <span class='ocrx_word' id='word_1_147' title='bbox 959 1478 1091 1528; x_wconf 84' lang='lat' dir='ltr'>lieret,</span> <span class='ocrx_word' id='word_1_148' title='bbox 1122 1477 1333 1517; x_wconf 82' lang='lat' dir='ltr'>adfirmavit</span> <span class='ocrx_word' id='word_1_149' title='bbox 1352 1489 1428 1516; x_wconf 92' lang='lat' dir='ltr'>non</span> 
     </span>
     <span class='ocr_line' id='line_1_23' title="bbox 56 1534 1426 1587; baseline -0.002 -13"><span class='ocrx_word' id='word_1_150' title='bbox 56 1536 368 1587; x_wconf 85' lang='lat' dir='ltr'>triumphaturum</span> <span class='ocrx_word' id='word_1_151' title='bbox 397 1549 462 1586; x_wconf 88' lang='lat' dir='ltr'>se,</span> <span class='ocrx_word' id='word_1_152' title='bbox 484 1536 555 1575; x_wconf 86' lang='lat' dir='ltr'>sed</span> <span class='ocrx_word' id='word_1_153' title='bbox 588 1536 712 1587; x_wconf 83' lang='lat' dir='ltr'>potius</span> <span class='ocrx_word' id='word_1_154' title='bbox 740 1536 982 1583; x_wconf 85' lang='lat' dir='ltr'>moriturum,</span> <span class='ocrx_word' id='word_1_155' title='bbox 1013 1546 1125 1585; x_wconf 89' lang='lat' dir='ltr'>quam</span> <span class='ocrx_word' id='word_1_156' title='bbox 1152 1534 1331 1572; x_wconf 87' lang='lat' dir='ltr'>licentiae</span> <span class='ocrx_word' id='word_1_157' title='bbox 1361 1534 1426 1571; x_wconf 91' lang='lat' dir='ltr'>mi-</span> 
     </span>
     <span class='ocr_line' id='line_1_24' title="bbox 45 1589 1429 1641; baseline -0.002 -11"><span class='ocrx_word' id='word_1_158' title='bbox 45 1589 161 1630; x_wconf 76' lang='lat' dir='ltr'>‘litum</span> <span class='ocrx_word' id='word_1_159' title='bbox 177 1592 464 1636; x_wconf 88' lang='lat' dir='ltr'>succumberet;</span> <span class='ocrx_word' id='word_1_160' title='bbox 482 1592 755 1641; x_wconf 84' lang='lat' dir='ltr'>castigatisque</span> <span class='ocrx_word' id='word_1_161' title='bbox 772 1591 947 1629; x_wconf 86' lang='lat' dir='ltr'>oratione</span> <span class='ocrx_word' id='word_1_162' title='bbox 962 1591 1072 1640; x_wconf 88' lang='lat' dir='ltr'>gravi</span> <span class='ocrx_word' id='word_1_163' title='bbox 1088 1590 1282 1628; x_wconf 89' lang='lat' dir='ltr'>laureatos</span> <span class='ocrx_word' id='word_1_164' title='bbox 1298 1589 1429 1627; x_wconf 81' lang='lat' dir='ltr'>fasces</span> 
     </span>
     <span class='ocr_line' id='line_1_25' title="bbox 58 1645 1429 1697; baseline -0.001 -13"><span class='ocrx_word' id='word_1_165' title='bbox 58 1645 225 1695; x_wconf 88' lang='lat' dir='ltr'>obiecit,</span> <span class='ocrx_word' id='word_1_166' title='bbox 261 1652 302 1685; x_wconf 90' lang='lat' dir='ltr'>ut</span> <span class='ocrx_word' id='word_1_167' title='bbox 336 1647 384 1685; x_wconf 91' lang='lat' dir='ltr'>ab</span> <span class='ocrx_word' id='word_1_168' title='bbox 418 1647 571 1685; x_wconf 89' lang='lat' dir='ltr'>illorum</span> <span class='ocrx_word' id='word_1_169' title='bbox 608 1647 822 1697; x_wconf 90' lang='lat' dir='ltr'>inciperent</span> <span class='ocrx_word' id='word_1_170' title='bbox 859 1646 1102 1697; x_wconf 90' lang='lat' dir='ltr'>direptione;</span> <span class='ocrx_word' id='word_1_171' title='bbox 1133 1657 1256 1696; x_wconf 92' lang='lat' dir='ltr'>eaque</span> <span class='ocrx_word' id='word_1_172' title='bbox 1287 1645 1429 1683; x_wconf 82' lang='lat' dir='ltr'>invidia</span> 
     </span>
     <span class='ocr_line' id='line_1_26' title="bbox 59 1701 650 1751; baseline 0.002 -12"><span class='ocrx_word' id='word_1_173' title='bbox 59 1701 211 1751; x_wconf 78' lang='lat' dir='ltr'>redegit</span> <span class='ocrx_word' id='word_1_174' title='bbox 240 1713 309 1739; x_wconf 90' lang='lat' dir='ltr'>eos</span> <span class='ocrx_word' id='word_1_175' title='bbox 339 1702 386 1740; x_wconf 91' lang='lat' dir='ltr'>ad</span> <span class='ocrx_word' id='word_1_176' title='bbox 414 1702 650 1740; x_wconf 90' lang='lat' dir='ltr'>modestiam.</span> 
     </span>
    </p>

    <p class='ocr_par' dir='ltr' id='par_1_7' title="bbox 60 1755 1430 2019">
     <span class='ocr_line' id='line_1_27' title="bbox 172 1755 1429 1806; baseline 0.001 -12"><span class='ocrx_word' id='word_1_177' title='bbox 172 1756 212 1794; x_wconf 82' lang='lat'>2.</span> <span class='ocrx_word' id='word_1_178' title='bbox 243 1755 286 1794; x_wconf 85' lang='lat' dir='ltr'>C.</span> <span class='ocrx_word' id='word_1_179' title='bbox 303 1755 462 1806; x_wconf 88' lang='lat' dir='ltr'>Caesar,</span> <span class='ocrx_word' id='word_1_180' title='bbox 475 1758 662 1796; x_wconf 88' lang='lat' dir='ltr'>seditione</span> <span class='ocrx_word' id='word_1_181' title='bbox 687 1757 725 1795; x_wconf 91' lang='lat' dir='ltr'>in</span> <span class='ocrx_word' id='word_1_182' title='bbox 743 1756 899 1795; x_wconf 86' lang='lat' dir='ltr'>tumultu</span> <span class='ocrx_word' id='word_1_183' title='bbox 916 1757 1084 1796; x_wconf 87' lang='lat' dir='ltr'>civilium</span> <span class='ocrx_word' id='word_1_184' title='bbox 1106 1768 1294 1795; x_wconf 89' lang='lat' dir='ltr'>armorum</span> <span class='ocrx_word' id='word_1_185' title='bbox 1313 1756 1429 1806; x_wconf 79' lang='lat' dir='ltr'>facta,</span> 
     </span>
     <span class='ocr_line' id='line_1_28' title="bbox 61 1812 1429 1863; baseline -0.001 -12"><span class='ocrx_word' id='word_1_186' title='bbox 61 1820 138 1851; x_wconf 86' lang='lat' dir='ltr'>tum</span> <span class='ocrx_word' id='word_1_187' title='bbox 164 1823 246 1851; x_wconf 90' lang='lat' dir='ltr'>cum</span> <span class='ocrx_word' id='word_1_188' title='bbox 275 1814 436 1852; x_wconf 86' lang='lat' dir='ltr'>maxime</span> <span class='ocrx_word' id='word_1_189' title='bbox 468 1812 697 1852; x_wconf 84' lang='lat' dir='ltr'>tumentibus</span> <span class='ocrx_word' id='word_1_190' title='bbox 724 1813 855 1851; x_wconf 86' lang='lat' dir='ltr'>animis</span> <span class='ocrx_word' id='word_1_191' title='bbox 879 1812 1071 1863; x_wconf 84' lang='lat' dir='ltr'>legionem</span> <span class='ocrx_word' id='word_1_192' title='bbox 1099 1818 1216 1851; x_wconf 90' lang='lat' dir='ltr'>totam</span> <span class='ocrx_word' id='word_1_193' title='bbox 1246 1819 1429 1852; x_wconf 88' lang='lat' dir='ltr'>exaucto·</span> 
     </span>
     <span class='ocr_line' id='line_1_29' title="bbox 61 1867 1430 1920; baseline 0 -13"><span class='ocrx_word' id='word_1_194' title='bbox 61 1869 181 1917; x_wconf 83' lang='lat' dir='ltr'>ravit,</span> <span class='ocrx_word' id='word_1_195' title='bbox 212 1867 372 1906; x_wconf 91' lang='lat' dir='ltr'>ducibus</span> <span class='ocrx_word' id='word_1_196' title='bbox 393 1869 592 1907; x_wconf 90' lang='lat' dir='ltr'>seditionis</span> <span class='ocrx_word' id='word_1_197' title='bbox 612 1869 739 1907; x_wconf 89' lang='lat' dir='ltr'>securi</span> <span class='ocrx_word' id='word_1_198' title='bbox 761 1870 978 1920; x_wconf 89' lang='lat' dir='ltr'>percussis;</span> <span class='ocrx_word' id='word_1_199' title='bbox 1006 1880 1098 1906; x_wconf 85' lang='lat' dir='ltr'>mox</span> <span class='ocrx_word' id='word_1_200' title='bbox 1127 1869 1301 1918; x_wconf 87' lang='lat' dir='ltr'>eosdem,</span> <span class='ocrx_word' id='word_1_201' title='bbox 1333 1880 1430 1919; x_wconf 87' lang='lat' dir='ltr'>quos</span> 
     </span>
     <span class='ocr_line' id='line_1_30' title="bbox 60 1925 1430 1977; baseline -0.001 -14"><span class='ocrx_word' id='word_1_202' title='bbox 60 1929 403 1974; x_wconf 84' lang='lat' dir='ltr'>exauctoraverat,</span> <span class='ocrx_word' id='word_1_203' title='bbox 440 1925 682 1975; x_wconf 87' lang='lat' dir='ltr'>ignominiam</span> <span class='ocrx_word' id='word_1_204' title='bbox 714 1925 972 1976; x_wconf 86' lang='lat' dir='ltr'>deprecantes</span> <span class='ocrx_word' id='word_1_205' title='bbox 1000 1926 1165 1964; x_wconf 87' lang='lat' dir='ltr'>restituit</span> <span class='ocrx_word' id='word_1_206' title='bbox 1195 1931 1234 1964; x_wconf 91' lang='lat' dir='ltr'>et</span> <span class='ocrx_word' id='word_1_207' title='bbox 1264 1926 1430 1977; x_wconf 79' lang='lat' dir='ltr'>optimos</span> 
     </span>
     <span class='ocr_line' id='line_1_31' title="bbox 61 1979 371 2019; baseline -0.006 0"><span class='ocrx_word' id='word_1_208' title='bbox 61 1980 200 2019; x_wconf 88' lang='lat' dir='ltr'>milites</span> <span class='ocrx_word' id='word_1_209' title='bbox 230 1979 371 2018; x_wconf 89' lang='lat' dir='ltr'>babuit.</span> 
     </span>
    </p>

    <p class='ocr_par' dir='ltr' id='par_1_8' title="bbox 60 2035 1431 2254">
     <span class='ocr_line' id='line_1_32' title="bbox 174 2035 1429 2085; baseline -0.002 -10"><span class='ocrx_word' id='word_1_210' title='bbox 174 2035 212 2075; x_wconf 90' lang='grc'>3.</span> <span class='ocrx_word' id='word_1_211' title='bbox 263 2035 479 2074; x_wconf 87' lang='lat' dir='ltr'>Postumius</span> <span class='ocrx_word' id='word_1_212' title='bbox 509 2035 724 2075; x_wconf 87' lang='lat' dir='ltr'>consularis</span> <span class='ocrx_word' id='word_1_213' title='bbox 761 2035 984 2075; x_wconf 84' lang='lat' dir='ltr'>cohortatus</span> <span class='ocrx_word' id='word_1_214' title='bbox 1014 2048 1129 2085; x_wconf 89' lang='lat' dir='ltr'>suos,</span> <span class='ocrx_word' id='word_1_215' title='bbox 1157 2048 1239 2074; x_wconf 89' lang='lat' dir='ltr'>cum</span> <span class='ocrx_word' id='word_1_216' title='bbox 1268 2036 1429 2074; x_wconf 74' lang='lat' dir='ltr'>interro-</span> 
     </span>
     <span class='ocr_line' id='line_1_33' title="bbox 60 2090 1430 2143; baseline -0.001 -14"><span class='ocrx_word' id='word_1_217' title='bbox 60 2096 171 2140; x_wconf 86' lang='lat' dir='ltr'>gatus</span> <span class='ocrx_word' id='word_1_218' title='bbox 201 2097 307 2130; x_wconf 90' lang='lat' dir='ltr'>esset</span> <span class='ocrx_word' id='word_1_219' title='bbox 345 2103 366 2130; x_wconf 90' lang='lat' dir='ltr'>a</span> <span class='ocrx_word' id='word_1_220' title='bbox 403 2090 605 2140; x_wconf 85' lang='lat' dir='ltr'>militibus,</span> <span class='ocrx_word' id='word_1_221' title='bbox 644 2092 731 2142; x_wconf 86' lang='lat' dir='ltr'>quid</span> <span class='ocrx_word' id='word_1_222' title='bbox 764 2093 992 2143; x_wconf 80' lang='lat' dir='ltr'>imperaret,</span> <span class='ocrx_word' id='word_1_223' title='bbox 1024 2092 1139 2142; x_wconf 85' lang='lat' dir='ltr'>dixit,</span> <span class='ocrx_word' id='word_1_224' title='bbox 1171 2098 1211 2130; x_wconf 91' lang='lat' dir='ltr'>nt</span> <span class='ocrx_word' id='word_1_225' title='bbox 1239 2104 1282 2129; x_wconf 89' lang='lat' dir='ltr'>se</span> <span class='ocrx_word' id='word_1_226' title='bbox 1311 2091 1430 2128; x_wconf 84' lang='lat' dir='ltr'>imita-</span> 
     </span>
     <span class='ocr_line' id='line_1_34' title="bbox 63 2147 1431 2199; baseline -0.001 -15"><span class='ocrx_word' id='word_1_227' title='bbox 63 2152 212 2196; x_wconf 88' lang='lat' dir='ltr'>rentur,</span> <span class='ocrx_word' id='word_1_228' title='bbox 251 2153 289 2186; x_wconf 94' lang='lat' dir='ltr'>et</span> <span class='ocrx_word' id='word_1_229' title='bbox 321 2153 478 2198; x_wconf 91' lang='lat' dir='ltr'>arrepto</span> <span class='ocrx_word' id='word_1_230' title='bbox 508 2147 619 2197; x_wconf 89' lang='lat' dir='ltr'>siguo</span> <span class='ocrx_word' id='word_1_231' title='bbox 646 2147 780 2186; x_wconf 86' lang='lat' dir='ltr'>hostes</span> <span class='ocrx_word' id='word_1_232' title='bbox 805 2149 949 2199; x_wconf 88' lang='lat' dir='ltr'>primus</span> <span class='ocrx_word' id='word_1_233' title='bbox 973 2149 1130 2191; x_wconf 85' lang='lat' dir='ltr'>invasit;</span> <span class='ocrx_word' id='word_1_234' title='bbox 1167 2160 1280 2199; x_wconf 90' lang='lat' dir='ltr'>quem</span> <span class='ocrx_word' id='word_1_235' title='bbox 1308 2147 1431 2184; x_wconf 89' lang='lat' dir='ltr'>secuti</span> 
     </span>
     <span class='ocr_line' id='line_1_35' title="bbox 64 2201 540 2254; baseline 0.004 -16"><span class='ocrx_word' id='word_1_236' title='bbox 64 2201 262 2242; x_wconf 82' lang='lat' dir='ltr'>victoriam</span> <span class='ocrx_word' id='word_1_237' title='bbox 284 2203 412 2254; x_wconf 86' lang='lat' dir='ltr'>adepti</span> <span class='ocrx_word' id='word_1_238' title='bbox 442 2208 540 2240; x_wconf 87' lang='lat' dir='ltr'>sunt.</span> 
     </span>
    </p>

    <p class='ocr_par' dir='ltr' id='par_1_9' title="bbox 66 2256 1432 2366">
     <span class='ocr_line' id='line_1_36' title="bbox 174 2256 1430 2308; baseline -0.002 -13"><span class='ocrx_word' id='word_1_239' title='bbox 174 2259 214 2296; x_wconf 89' lang='lat'>4.</span> <span class='ocrx_word' id='word_1_240' title='bbox 275 2257 457 2298; x_wconf 88' lang='lat' dir='ltr'>Claudius</span> <span class='ocrx_word' id='word_1_241' title='bbox 478 2257 707 2308; x_wconf 86' lang='lat' dir='ltr'>Marcellus,</span> <span class='ocrx_word' id='word_1_242' title='bbox 738 2270 822 2298; x_wconf 90' lang='lat' dir='ltr'>cum</span> <span class='ocrx_word' id='word_1_243' title='bbox 852 2260 889 2298; x_wconf 91' lang='lat' dir='ltr'>in</span> <span class='ocrx_word' id='word_1_244' title='bbox 915 2271 1047 2298; x_wconf 90' lang='lat' dir='ltr'>manus</span> <span class='ocrx_word' id='word_1_245' title='bbox 1070 2259 1263 2298; x_wconf 89' lang='lat' dir='ltr'>Gallorum</span> <span class='ocrx_word' id='word_1_246' title='bbox 1291 2256 1430 2307; x_wconf 89' lang='lat' dir='ltr'>impru-</span> 
     </span>
     <span class='ocr_line' id='line_1_37' title="bbox 66 2311 1432 2366; baseline 0.001 -17"><span class='ocrx_word' id='word_1_247' title='bbox 66 2311 160 2350; x_wconf 91' lang='lat' dir='ltr'>dens</span> <span class='ocrx_word' id='word_1_248' title='bbox 179 2313 394 2365; x_wconf 80' lang='lat' dir='ltr'>incidisset,</span> <span class='ocrx_word' id='word_1_249' title='bbox 423 2314 790 2366; x_wconf 88' lang='lat' dir='ltr'>circumspiciendae</span> <span class='ocrx_word' id='word_1_250' title='bbox 812 2316 981 2366; x_wconf 86' lang='lat' dir='ltr'>regionis</span> <span class='ocrx_word' id='word_1_251' title='bbox 1006 2327 1081 2366; x_wconf 89' lang='lat' dir='ltr'>qua</span> <span class='ocrx_word' id='word_1_252' title='bbox 1112 2312 1295 2352; x_wconf 84' lang='lat' dir='ltr'>evaderet</span> <span class='ocrx_word' id='word_1_253' title='bbox 1317 2323 1432 2351; x_wconf 84' lang='lat' dir='ltr'>causa</span> 
     </span>
    </p>
   </div>
  </div>
 </body>
</html>
