1566 2496
133 134 187 175 66
579 141 678 173 SEX·
706 142 823 173 mnu
852 141 1076 173 rnon'mu

139 247 259 286 suasit
290 245 521 285 discessisse
550 245 767 285 Romanos:
808 246 845 285 id
874 257 1007 284 verum
1037 243 1316 285 Crotonienses
1345 243 1516 284 arbitrati

138 303 319 343 dimisere
357 303 521 353 auxilia,
559 302 809 355 destitutique
846 302 1199 354 propugnatoribus
1237 307 1276 341 et
1322 301 1516 353 inopinata

142 366 224 398 arte
247 358 406 397 invalidi
431 360 532 412 capti
562 365 660 398 sunt.

248 416 288 455 5.
343 414 459 466 Mago
496 415 572 454 dux
598 414 947 466 Carthaginiensis,
984 415 1089 453 victo
1126 412 1197 457 Cn.
1235 414 1376 454 Pisone
1414 420 1453 453 et
1478 414 1516 453 in

137 472 299 523 quadam
341 477 446 510 turre
485 472 767 523 circumsepto,
811 472 1030 522 suspicatus
1068 477 1228 510 ventura
1263 471 1300 510 ei
1329 469 1514 519 subsidia,

134 529 338 580 perfugam
377 529 499 578 misit,
541 529 606 580 qui
643 527 900 579 persuaderet
938 526 1333 578 adpropinquantibus
1364 533 1516 579 captum

136 586 209 624 iam
244 585 442 624 Pisonem:
482 597 556 636 qua
596 586 745 623 ratione
787 583 982 623 deterritis
1020 584 1100 634 eis,
1140 583 1290 635 reliqua
1330 583 1515 622 victoriae

137 641 423 680 consummavit.

249 697 287 736 6.
336 696 562 735 Alcibiades
592 697 630 735 in
658 696 810 745 Sicilia,
842 708 926 735 cum
957 696 1172 744 Syracusas
1205 707 1348 746 capere
1378 694 1515 743 vellet,

137 766 187 792 ex
210 752 516 803 Catiniensibus,
544 753 644 804 apud
665 764 764 805 quos
788 758 876 791 tunc
897 753 1108 790 exercitum
1129 751 1362 800 continebat,
1386 762 1516 803 quem-

136 810 221 849 dam
257 809 485 860 exploratae
525 810 725 848 sollertiae
764 808 937 847 submisit
976 808 1023 846 ad
1058 808 1337 856 Syracusanos.
1406 806 1444 845 Is
1479 807 1516 845 in

135 865 329 918 publicum
362 865 566 904 concilium
601 865 839 904 introductus
869 865 1086 916 persuasit,
1124 863 1395 903 infestissimos
1426 874 1516 901 esse

138 921 382 960 Catinienses
412 921 714 960 Atheniensibus
746 927 806 970 et,
835 922 866 959 si
899 921 1169 959 adiuvarentur
1196 932 1216 958 a
1248 920 1515 970 Syracusanis,

136 978 302 1017 futurum
331 984 371 1016 ut
403 977 667 1029 obprimerent
697 989 766 1016 eos
797 984 835 1016 et
864 976 1118 1015 Alcibiadem.
1180 976 1264 1024 Qua
1293 988 1337 1015 re
1363 975 1517 1016 adducti

137 1035 369 1083 Syracusani
403 1035 592 1073 universis
635 1034 780 1073 viribus
819 1031 990 1072 Catinam
1029 1033 1187 1084 petituri
1223 1037 1516 1083 processerunt,

135 1090 273 1130 relicta
304 1091 474 1141 ipsorum
508 1090 627 1136 urhe;
670 1103 783 1142 quam
811 1102 833 1129 a
866 1096 978 1140 tergo
1009 1089 1167 1128 adortus
1197 1087 1423 1128 Alcibiades
1451 1087 1518 1126 de-

136 1147 321 1197 solatam,
353 1153 393 1185 ut
422 1154 670 1198 speraverat,
704 1147 861 1186 adflixit.

252 1205 289 1242 7.
349 1201 584 1253 Cleonymus
603 1198 930 1243 Lacedaemonius
951 1202 1203 1250 Troezenios,
1230 1201 1295 1252 qui
1321 1177 1518 1266 praesidio

141 1259 291 1299 Crateri
324 1266 402 1298 tum
430 1260 679 1309 tenebantur,
718 1260 950 1309 adgressus,
980 1258 1059 1297 tela
1081 1257 1287 1308 quaedam,
1320 1258 1356 1295 in
1381 1255 1519 1307 quibus

139 1317 324 1367 scriptum
355 1322 458 1365 erat,
491 1317 646 1355 venisse
671 1329 713 1355 se
735 1316 796 1355 adv
812 1314 1048 1354 liberandam
1071 1325 1203 1352 eorum
1227 1312 1518 1364 rempublicam,

136 1373 233 1411 intra
261 1384 391 1410 muros
417 1373 529 1416 iecit:
563 1378 602 1410 et
631 1372 768 1410 eodem
799 1377 975 1422 tempore
1005 1371 1180 1421 captivos
1209 1370 1397 1421 quosdam
1427 1379 1519 1407 con-

138 1428 290 1467 ciliatos
330 1427 404 1466 sibi
446 1429 612 1477 remisit,
652 1429 717 1479 qui
757 1426 956 1466 Craterum
998 1426 1271 1465 detractarent.
1337 1425 1411 1464 Per
1444 1424 1522 1463 hoc

138 1484 337 1523 consilium
359 1483 547 1522 seditione
568 1485 745 1523 intestina
772 1484 871 1535 apud
896 1483 1084 1521 obsessos
1111 1482 1338 1531 conciliata,
1365 1481 1519 1521 admoto

139 1540 312 1579 exercitu
343 1540 485 1591 potitus
517 1546 576 1579 est
608 1541 776 1579 civitate.

660 1651 854 1692 CAPUT
884 1651 986 1690 vll.

139 1740 200 1769 DE
240 1739 486 1771 FLUMINUM
524 1739 844 1770 DERIVATIONE
881 1739 941 1769 ET
974 1738 1246 1769 vrrlA'rmNE
1278 1736 1518 1776 AQUARUM.

255 1823 289 1860 1.
340 1822 381 1861 P.
411 1821 595 1860 Servilius
624 1821 790 1860 Isauram
817 1820 1015 1872 oppidum,
1039 1819 1191 1858 flumine
1214 1831 1263 1857 ex
1283 1829 1359 1869 quo
1384 1817 1519 1856 hostes

141 1877 377 1929 aquabantur
406 1889 568 1927 averso,
601 1877 647 1915 ad
675 1878 906 1916 deditionem
937 1877 997 1915 siti
1010 1882 1017 1895 ‘¹
1029 1875 1226 1926 compulit

255 1933 292 1971 2.
364 1932 408 1972 C.
445 1932 591 1972 Caesar
637 1934 674 1971 in
711 1933 832 1972 Gallia
875 1932 1137 1972 Cadurcorum
1177 1931 1372 1970 civitatem
1410 1939 1520 1967 amne

142 1991 304 2029 cinctam
344 1996 383 2028 et
421 1990 589 2028 fontibus
629 1989 883 2028 abundantem
919 1989 967 2028 ad
998 1989 1169 2040 inopiam
1201 1998 1324 2038 aquae
1352 1984 1518 2032 redegit,

142 2059 226 2086 cum
256 2045 383 2084 fontes
412 2045 597 2090 cuniculis
619 2048 828 2084 avertisset
858 2052 896 2084 et
919 2046 1080 2084 fluminis
1111 2055 1217 2082 usum
1253 2054 1326 2094 per
1361 2039 1518 2088 sagitta·

143 2104 224 2142 rios
253 2102 453 2143 arcuisset.

257 2156 293 2197 3.
345 2156 391 2205 Q.
425 2155 604 2195 Metellus
643 2158 679 2194 in
707 2156 889 2208 Hispania
919 2157 1101 2195 citeriore
1139 2156 1176 2193 in
1202 2158 1326 2192 castra
1351 2150 1520 2190 hostium

142 2213 273 2253 humili
310 2213 400 2252 loco
439 2213 563 2264 posita
603 2211 756 2251 fluvium
793 2225 843 2251 ex
875 2213 1077 2263 superiore
1115 2215 1223 2262 parte
1265 2207 1438 2257 immisit,
1480 2212 1519 2245 et

143 2270 267 2309 subita
296 2269 538 2309 inundatione
571 2268 745 2307 turbatos
783 2281 856 2319 per
891 2268 1100 2320 dispositos
1139 2267 1176 2304 in
1205 2264 1280 2303 hoc
1311 2264 1434 2315 ipsum
1463 2262 1517 2302 in-

144 2326 346 2367 sidiatores
378 2324 528 2366 cecidit.
