1566 2496
203 151 267 182 DE
295 149 450 191 AQUAE
478 148 708 181 DUGTIBUS
737 147 872 179 URBIS
902 147 1061 178 ROMAE
1092 146 1244 176 LIBER.
1338 137 1414 175 115

0 255 12 305 '3
35 251 240 296 mensurae
259 254 307 294 ad
335 259 452 305 caput
472 259 584 292 actae
607 253 798 302 efficiunt,
830 252 1012 303 quinariis
1032 258 1259 290 MCCCXCV.
1317 247 1415 290 Ero·

0 310 16 334 Ὺ
36 312 155 364 gabat
187 316 278 364 post
309 310 495 362 piscinam
531 310 724 360 quinarias
761 315 1001 348 MDCCGXL:
1044 308 1189 356 minus,
1230 316 1341 356 quam
1378 306 1415 343 in

38 367 319 408 commentariis
341 366 608 418 conceptionis
625 365 776 404 modum
796 364 1004 415 significari
1020 363 1206 411 diximus,
1234 362 1415 413 quinariis

3 425 5 429 ’
37 432 245 466 ccxxvnz
278 423 422 471 minus,
455 433 567 473 quam
598 434 648 461 ex
676 422 823 474 piscina
854 421 891 459 in
914 431 1028 459 arcus
1046 420 1306 470 recipiuntur,
1333 418 1414 468 qui·

0 481 152 542 {uariis
186 487 311 519 ΜΘΝ.
370 479 523 517 Summa
558 484 741 530 utraque,
780 489 880 528 quae
921 475 1179 515 intercidebat
1216 481 1280 513 aut
1315 475 1416 512 inter

0 546 6 577 ἰ
37 542 154 589 caput
189 541 228 574 et
262 535 448 587 piscinam
478 541 542 573 aut
572 541 662 586 post
689 534 896 585 piscinam,
934 532 1188 584 quinariarum
1213 539 1248 569 11
1274 530 1415 569 milium

0 595 282 639 {ccccxctxz
321 603 439 642 quas,
477 591 576 630 sicut
613 591 651 629 in
686 590 855 638 ceteris,
895 587 1069 640 pluribus
1109 587 1208 626 locis
1237 587 1416 637 intercipi

0 647 372 705 &deprehendimus
430 646 517 685 Non
538 648 636 686 enim
658 658 726 685 eas
746 657 927 694 cessare,
952 644 1192 683 manifestum
1214 649 1253 682 et
1270 655 1320 681 ex
1340 642 1417 681 hoc

0 708 2 710 ’
39 711 119 754 est,
158 703 263 755 quod
296 702 342 741 ad
380 709 493 755 caput
525 708 683 754 praeter
709 714 795 741 eam
821 713 1059 749 mensuram,
1097 711 1207 751 quam
1239 710 1416 750 compre-

40 759 222 799 hendisse
246 769 318 817 pos
345 760 559 810 capacitate
586 759 721 798 ductus
742 758 960 809 posuimus,
988 756 1230 795 effunduntur
1253 755 1415 807 amplius

40 824 124 855 ccc
153 814 347 865 quinariis.

153 869 220 909 68.
278 869 453 921 Tepulae
484 871 523 908 in
552 871 834 908 commentariis
861 869 1078 919 adscriptus
1097 874 1159 907 est
1178 867 1314 906 modus
1336 868 1415 918 qui-

41 928 231 967 nariarum
260 934 384 964 0000.
442 925 561 964 Huius
597 937 722 976 aquae
755 925 883 963 fontes
915 923 1008 962 nulli
1048 930 1155 961 sunt:
1195 925 1305 961 venis
1335 923 1415 974 qui·

42 983 202 1022 busdam
237 981 459 1031 constabat,
504 993 603 1033 quae
636 982 878 1032 interceptae
920 985 1006 1019 sunt
1043 980 1081 1017 in
1116 978 1223 1017 Iulia.
1293 977 1418 1030 Caput

43 1043 142 1090 ergo
170 1039 254 1077 eius
284 1037 565 1077 observandum
596 1043 655 1076 est
682 1050 704 1076 a
733 1038 881 1088 piscina
910 1035 1050 1074 Iuliae:
1082 1046 1132 1072 ex
1154 1046 1199 1073 ea
1221 1035 1320 1073 enim
1339 1036 1417 1086 pri-

22 1106 143 1135 ·nmm
169 1095 311 1147 accipit
338 1095 529 1146 quinarias
549 1102 658 1134 CXC:
689 1093 827 1132 deinde
849 1093 974 1131 statim
994 1104 1044 1130 ex
1061 1090 1204 1129 Marcia
1227 1091 1419 1142 quinarias

42 1159 162 1199 xm:
180 1147 401 1204 sprae'terea
429 1163 479 1189 ex
508 1151 659 1188 Anione
687 1148 799 1187 Novo
829 1149 877 1187 ad
906 1148 1041 1186 hortos
1068 1146 1419 1198 Epaphroditianos

14 1228 17 1234 -
41 1204 235 1258 quinarias
264 1215 419 1245 CLXIII.
479 1205 589 1244 Fiunt
609 1217 743 1244 omnes
763 1205 958 1256 quinariae
980 1211 1210 1246 CCCGXLW
1241 1203 1418 1254 amplius,

6 1263 155 1319 'ffquam
189 1264 228 1302 in
266 1263 569 1312 commentariis,
609 1262 791 1314 quinariis
827 1269 942 1310 XLV,
987 1271 1087 1311 quae
1121 1261 1157 1297 in
1191 1260 1419 1309 erogatione

3 1331 22 1370 J-·
37 1325 278 1370 comparent.

11 1387 23 1390 ·’
144 1375 221 1414 69.
279 1374 400 1414 Iuliae
421 1375 458 1412 in
475 1374 759 1413 commentariis
778 1373 997 1424 adscriptus
1019 1377 1079 1410 est
1098 1371 1233 1410 modus
1254 1372 1419 1422 quinari-

43 1442 147 1470 num
172 1439 360 1470 DCXLIX.
419 1430 481 1469 Ad
511 1436 625 1481 caput
652 1441 829 1468 mensura
855 1429 941 1467 iniri
964 1440 1041 1466 non
1066 1429 1212 1479 potuit,
1241 1429 1419 1478 quoniam

45 1499 95 1526 ex
123 1486 296 1538 pluribus
319 1486 635 1538 adquisitionibus
662 1491 831 1529 constat;
863 1485 932 1523 sed
958 1485 1006 1523 ad
1031 1493 1079 1522 VI
1108 1483 1156 1522 ah
1178 1483 1276 1521 urbe
1299 1484 1419 1522 milia-

27 1544 139 1594 -rium
166 1544 345 1581 universa
369 1544 407 1580 in
427 1543 612 1594 piscinam
632 1542 840 1592 recipitur,
870 1540 934 1578 ubi
953 1541 1089 1579 modus
1108 1541 1191 1578 eius
1208 1540 1419 1578 manifestis

43 1599 233 1637 mensuris
262 1598 382 1636 efficit
409 1598 601 1649 quinarias
630 1606 791 1636 MCCVI:
823 1596 1006 1646 amplius,
1038 1607 1148 1646 quam
1173 1597 1210 1633 in
1228 1607 1419 1634 commen-

45 1655 175 1700 carih,
208 1653 388 1703 quinariis
415 1662 558 1691 DLVH.
618 1653 823 1696 Praeterea
851 1652 1003 1702 accepit
1028 1662 1153 1702 prope
1176 1651 1310 1689 urbem
1332 1658 1422 1702 post

28 1699 180 1754 'finos
220 1707 476 1746 Pailantianos
514 1721 565 1746 ex
601 1706 760 1746 Claudia
791 1708 981 1758 quinarias
1010 1715 1149 1746 CLXII.
1211 1706 1283 1745 Est
1308 1718 1420 1745 omne

45 1762 167 1802 Iuliae
193 1764 231 1801 in
257 1765 429 1814 acceptis
455 1764 650 1814 quinariae
675 1772 956 1803 MCCCLXVIII.
1015 1762 1075 1801 Ex
1105 1774 1153 1801 eo
1186 1762 1251 1801 dat
1280 1765 1318 1801 in
1346 1762 1420 1802 Te·

47 1818 174 1870 pulam
207 1819 397 1870 quinarias
436 1827 543 1863 0Χο;
586 1826 723 1869 erogat
762 1830 831 1857 suo
864 1821 1015 1858 nomine
1050 1827 1236 1857 Dcccm.
1295 1818 1419 1868 Fiunt,

48 1887 143 1926 quas
169 1880 327 1925 erogat,
363 1876 559 1926 quinariae
585 1883 868 1914 DCCCCXCHI:
897 1875 1080 1926 amplius,
1112 1887 1223 1926 quam
1249 1876 1286 1913 in
1316 1887 1419 1914 com·

46 1931 241 1969 mentariis
271 1929 405 1979 habet,
436 1932 617 1982 quinariis
646 1939 859 1973 ecelinus:
897 1932 1042 1980 minus,
1073 1943 1184 1982 quam
1210 1932 1247 1969 in
1273 1933 1420 1982 piscina

47 1986 192 2026 habere
221 1987 438 2037 posuimuS,
471 1995 632 2026 ccxln:
663 1999 758 2038 quas
783 1988 889 2038 ipsas
909 1987 1010 2038 apud
1035 1998 1128 2036 eos,
1159 1987 1224 2039 qui
1247 1988 1332 2026 sine
1353 1987 1418 2025 be—

46 2043 194 2082 neficiis
223 2042 409 2093 Principis
438 2043 695 2094 usurpabant,
729 2043 1063 2094 deprehendimus.

160 2101 226 2139 70.
285 2098 433 2148 Virgini
462 2101 500 2138 in
529 2100 812 2138 commentariis
842 2099 1059 2150 adscriptus
1089 2106 1149 2138 est
1178 2100 1313 2138 modus
1339 2099 1419 2149 qui-

49 2155 233 2194 mriarum
263 2163 419 2194 DCCLII
448 2157 581 2194 minus.
638 2155 816 2194 Mensura
845 2155 893 2194 ad
923 2161 1037 2206 capnt
1061 2157 1221 2194 inveniri
1249 2166 1324 2192 non
1350 2165 1419 2204 po-

51 2210 141 2259 tnit,
177 2212 353 2261 qnoniam
391 2224 440 2250 ex
474 2211 646 2263 pluribus
682 2211 1009 2263 adquisitionibus-
1035 2217 1185 2250 constat
1223 2216 1262 2248 et
1296 2210 1421 2247 lenior

52 2265 134 2302 rivo
167 2267 292 2305 intrat.
350 2268 477 2319 Prope
516 2267 649 2306 urbem
685 2273 811 2306 tamen
847 2267 894 2306 ad
928 2267 1127 2306 miliarium
1162 2275 1195 2304 11
1233 2266 1268 2302 in
1308 2275 1418 2314 agro,

53 2321 116 2370 qui
141 2332 237 2360 nnnc
264 2329 323 2361 est
349 2323 497 2362 Ceionii
521 2322 738 2373 Commodi,
768 2323 833 2362 uhi
858 2323 1097 2362 velociorem
1116 2333 1267 2359 cursum
1287 2320 1418 2369 habet,

1086 2387 1144 2426 S*
