1566 2496
153 137 206 177 84
592 146 691 178 sax.
722 146 839 178 1UL11
870 146 1094 179 rnon'rml

151 249 274 286 iussit.
335 248 427 287 Post
461 247 561 288 haec
595 249 820 289 seditiosam
868 250 1064 301 legionem
1098 252 1282 291 inermem
1317 253 1539 304 procedere

152 304 457 356 discinctamque
486 306 524 344 in
555 312 770 357 conspectu
792 308 925 345 armati
946 308 1142 347 exercitus
1170 314 1379 348 stramenta
1407 311 1541 360 coegit

151 372 314 410 secare,
345 367 507 412 postero
538 367 664 401 autem
695 362 758 401 die
789 363 965 402 similiter
992 364 1138 403 fossam
1155 364 1366 404 discinctos
1394 365 1537 405 milites

151 417 307 466 facere,
338 418 530 468 nullisque
548 418 732 469 precibus
749 418 915 469 legionis
939 421 1138 471 impetrari
1163 420 1210 459 ab
1233 433 1282 460 eo
1312 423 1457 473 potuit,
1487 435 1537 461 ne

151 473 261 523 signa
299 474 382 513 eius
418 474 658 513 submitteret
686 486 906 527 nomenque
936 475 1136 526 aboleret,
1174 477 1316 517 milites
1347 485 1475 518 autem
1498 480 1536 517 in

150 529 459 580 supplementum
490 537 707 570 ceterarum
735 531 929 582 legionum
956 532 1215 585 distribueret.

262 587 330 626 44.
390 586 438 634 Q.
479 585 641 636 Fulvio,
679 587 810 639 Appio
846 586 1009 627 Claudio
1036 588 1285 640 consulibus,
1326 603 1378 629 ex
1406 603 1535 642 pugna

151 639 345 681 Cannensi
376 643 414 681 in
444 642 614 682 Siciliam
639 643 686 682 ab
718 650 854 683 senatu
879 644 1045 695 relegati
1066 645 1360 697 postulaverunt
1389 659 1411 686 a
1442 659 1533 685 con-

150 697 242 736 sule.
265 697 315 736 M.
346 697 559 748 Marcello,
602 706 639 738 ut
674 700 711 738 in
741 700 930 751 proelium
961 701 1206 741 ducerentur.
1263 701 1336 742 Ille
1361 709 1533 742 senatum

150 754 362 793 consuluit:
403 761 560 794 senatus
598 757 753 806 negavit
784 757 856 796 sibi
888 756 1047 808 placere
1079 758 1262 797 committi
1290 758 1349 797 his
1378 771 1531 810 rempu-

148 809 312 858 blicam,
352 823 463 861 quam
502 811 784 856 deseruissent;
823 811 1012 853 Marcello
1039 819 1166 853 tamen
1196 815 1370 866 permisit
1397 815 1531 854 facere

148 866 251 917 quod
278 866 498 916 videretur,
538 868 625 906 dum
660 880 709 906 ne
748 869 832 919 quis
873 881 1006 908 eorum
1034 882 1192 909 munere
1222 877 1401 920 vacaret,
1430 883 1530 910 neve

147 921 375 971 donaretur,
407 935 506 962 neve
528 923 632 975 quod
658 926 867 975 praemium
887 925 1033 976 ferret,
1063 938 1138 966 neu
1159 927 1198 966 in
1221 926 1367 967 Italiam
1393 939 1528 979 repor-

147 983 314 1028 taretur,
343 978 431 1017 dum
461 978 581 1018 Poeni
611 981 648 1018 in
678 992 723 1019 ea
746 988 890 1021 essent.

258 1036 325 1074 45.
376 1034 427 1074 M.
449 1035 644 1075 Salinator
665 1038 879 1077 consularis
896 1039 1094 1078 damnatus
1118 1044 1179 1078 est
1198 1051 1221 1079 a
1241 1039 1403 1091 populo,
1425 1040 1529 1090 quod

145 1090 329 1141 praedam
359 1103 436 1130 non
466 1092 682 1144 aequaliter
713 1093 896 1133 diviserat
923 1095 1118 1134 militibus.
1437 1144 1439 1147 .

258 1147 326 1187 46.
389 1146 484 1186 Cum
519 1161 540 1187 a
569 1147 770 1199 Liguribus
799 1151 837 1189 in
867 1151 1019 1203 proeli⁰
1051 1151 1099 1200 Q.
1131 1151 1289 1191 Petilius
1309 1151 1446 1190 consul
1471 1152 1525 1190 in·

145 1202 334 1242 terfectus
365 1210 494 1253 esset,
526 1204 702 1244 decrevit
729 1213 908 1256 senatus,
941 1213 979 1246 ut
1009 1220 1056 1247 ea
1085 1207 1213 1258 legio,
1242 1208 1279 1245 in
1303 1208 1412 1246 cuius
1440 1209 1526 1247 acie

145 1259 282 1298 consul
318 1266 400 1299 erat
432 1261 611 1310 occisus,
650 1267 730 1301 tota
769 1263 991 1314 infrequens
1024 1263 1260 1313 referretur,
1294 1264 1524 1315 stipendium

144 1327 306 1354 annuum
333 1317 370 1355 ei
396 1328 472 1355 non
502 1316 656 1356 daretur
686 1330 855 1370 aeraque
879 1319 1204 1358 rescinderentur.

686 1427 715 1468 C
726 1428 762 1467 A
771 1429 799 1468 P
812 1429 844 1468 U
856 1429 885 1468 Τ
924 1429 979 1469 II.

511 1516 574 1545 DE
606 1515 816 1547 EFFEc'rU
845 1516 1155 1548 DrscmmNAE.

259 1596 295 1633 1.
354 1594 460 1634 Bruti
499 1602 537 1635 et
565 1595 689 1636 Cassii
724 1598 942 1648 exercitus,
982 1599 1191 1637 memoriae
1221 1598 1411 1650 proditum
1445 1605 1519 1648 est,

142 1651 249 1689 bello
279 1651 383 1690 civili
416 1663 501 1691 cum
530 1665 603 1692 una
639 1666 711 1704 per
739 1652 1006 1694 Macedoniam
1034 1656 1107 1694 iter
1134 1654 1310 1694 facerent
1334 1655 1520 1707 priorque

140 1706 279 1746 Brutus
317 1707 365 1746 ad
401 1708 578 1758 fluvium,
613 1710 650 1747 in
683 1721 758 1761 quo
798 1717 954 1761 pontem
988 1711 1092 1761 iungi
1121 1710 1349 1762 oportebat,
1381 1723 1519 1762 perve-

140 1764 283 1812 nisset,
325 1762 450 1803 Cassii
486 1770 612 1803 tamen
649 1766 860 1805 exercitum
897 1774 934 1806 et
965 1768 1002 1806 in
1031 1767 1238 1806 efficiendo
1267 1773 1386 1818 ponte
1415 1773 1454 1806 et
1482 1769 1521 1806 in

138 1820 298 1858 transitu
327 1820 551 1860 maturando
582 1823 861 1872 praecessisse.
924 1823 997 1871 Qui
1026 1825 1140 1873 vigor
1168 1823 1396 1877 disciplinae
1425 1823 1519 1862 effe-

140 1876 213 1923 cit,
244 1882 284 1913 ut
310 1887 387 1914 non
410 1877 535 1915 solum
565 1878 602 1915 in
628 1877 811 1928 operibus
839 1891 972 1919 verum
999 1885 1038 1919 et
1064 1881 1101 1918 in
1122 1891 1267 1919 summa
1291 1879 1386 1919 belli
1406 1891 1518 1932 prae-

139 1936 285 1969 starent
312 1930 487 1971 Cassiani
514 1932 731 1972 Brutianos.

251 1985 290 2024 2.
353 1986 396 2026 C.
428 1988 592 2038 Marius,
620 2001 705 2028 cum
735 1989 957 2029 facultatem
989 1991 1157 2042 eligendi
1185 1993 1378 2031 exercitus
1399 1991 1516 2031 habe-

136 2049 218 2091 ret,
250 2054 301 2080 ex
331 2043 505 2095 duobus,
535 2046 600 2096 qui
620 2045 690 2084 sub
713 2045 854 2084 Rutilio
879 2052 918 2085 et
939 2049 1003 2097 qui
1027 2047 1096 2085 sub
1114 2047 1274 2087 Metello
1304 2060 1350 2087 ac
1378 2052 1517 2098 postea

137 2097 209 2137 snb
247 2110 291 2137 se
328 2100 415 2149 ipso
449 2108 690 2150 meruerant,
730 2101 981 2151 Rutilianum,
1015 2104 1201 2142 minorem
1229 2103 1404 2155 quidem,
1445 2104 1514 2142 sed

138 2156 225 2206 quia
257 2156 508 2194 correctioris
536 2157 765 2208 disciplinae
794 2157 1071 2208 arbitrabatur,
1100 2159 1352 2210 praeoptavit.

250 2210 288 2251 3.
345 2210 533 2250 Domitius
565 2211 736 2252 Corbulo
770 2213 915 2253 duabus
947 2214 1164 2265 legionibus
1193 2220 1232 2253 et
1271 2216 1514 2265 paucissimis

138 2266 313 2316 auxiliis,
338 2267 538 2318 disciplina
565 2275 764 2318 correcta,
787 2269 949 2309 Parthos
970 2271 1157 2309 sustinuit.

250 2325 288 2362 4.
349 2323 573 2363 Alexander
610 2323 771 2364 Macedo
825 2326 1074 2376 quadraginta
1116 2324 1266 2363 milibus
1306 2326 1511 2376 hominum,
