1566 2496
278 147 727 180 STRATEGEMATICON
759 147 852 178 mn.
868 148 929 178 1v.
961 146 1062 178 cAP.
1079 146 1160 178 vn.
1359 136 1413 176 97

46 252 172 304 posita
206 257 360 300 essent,
397 249 579 290 Camillus
617 264 663 291 ea
701 252 847 300 omnia,
884 262 984 302 quae
1020 254 1251 301 conceptum
1287 248 1415 299 iguem

44 319 167 360 usque
196 309 233 347 in
262 307 403 346 vallum
434 307 611 358 perferre
643 313 844 359 poterant,
879 306 1048 345 incendit
1084 312 1123 344 et
1146 306 1203 344 sic
1231 303 1413 343 adversa-

44 364 125 403 rios
151 364 256 403 exuit
284 364 434 402 castris.

151 419 219 459 41.
271 419 313 458 Ρ.
350 417 515 458 Crassus
549 418 655 458 bello
694 419 828 458 sociali
862 419 1001 458 eodem
1033 417 1147 456 modo
1174 428 1298 468 prope
1327 427 1412 454 cum

45 475 167 527 copiis
195 474 368 514 omnibus
397 475 635 526 interceptus
665 481 736 513 est.

150 530 216 572 42.
268 530 315 579 Q.
345 530 523 570 Metellus
546 531 582 568 in
602 529 783 582 Hispania
810 535 937 569 castra
953 535 1139 579 moturus,
1169 539 1254 567 cum
1284 530 1322 567 in
1346 540 1412 579 ag-

42 587 142 626 mine
169 587 307 626 milites
337 609 392 615 ——
418 610 472 616 —
1359 619 1369 623 ,

501 664 555 671 -
581 664 634 670 —
664 642 805 681 milites
826 642 1067 680 continerent
1087 653 1131 679 se
1151 642 1247 679 intra
1270 646 1412 689 castra,

40 697 313 737 Hermocrates
350 698 528 737 detentos
564 709 634 736 eos
659 704 819 749 postero
860 697 922 737 die
951 695 1203 736 habilioribus
1233 697 1306 735 iam
1333 697 1414 735 suis

44 753 195 792 tradidit
216 753 435 804 bellumque
463 753 644 792 confecit.

153 808 220 848 43.
278 808 487 856 Miltiades,
530 820 614 847 cum
659 809 852 858 ingentem
894 807 1096 847 Persarum
1137 808 1414 847 multitudinem

44 863 144 915 apud
159 863 380 904 Marathona
396 865 581 913 fudisset,
605 863 864 902 Athenienses
886 864 988 902 circa
1012 863 1306 913 gratulationem
1332 876 1412 903 mo·

43 926 171 958 rantes
195 920 399 971 compulit,
430 926 471 958 ut
490 920 714 958 festinarent
742 920 788 958 ad
812 930 927 970 opem
946 919 1032 957 urbi
1049 919 1266 969 ferendam,
1301 933 1413 972 quam

43 975 180 1014 classis
208 975 408 1015 Persarum
435 975 614 1027 petebat:
646 987 807 1026 cumque
833 976 1163 1026 praecucurrisset
1192 976 1411 1026 implesset·

42 1043 119 1082 que
153 1033 322 1070 moenia*
343 1032 517 1081 armatis,
552 1031 718 1080 Persae,
758 1031 830 1070 rati
863 1030 1058 1080 ingentem
1094 1042 1184 1069 esse
1216 1043 1414 1070 numerum

40 1086 329 1126 Atheniensium
352 1093 390 1126 et
417 1087 494 1126 alio
517 1087 637 1126 milite
657 1087 758 1138 apud
786 1086 1007 1125 Marathona
1036 1092 1266 1137 pugnatum,
1298 1087 1413 1126 alium

41 1153 113 1194 pro
141 1144 257 1181 muris
286 1144 365 1182 suis
396 1143 560 1195 obponi,
593 1144 834 1182 circumactis
866 1142 1063 1194 extemplo
1093 1142 1251 1182 navibus
1282 1143 1413 1182 Asiam

42 1199 289 1250 repefierunt

150 1255 218 1294 44.
275 1254 492 1293 Pisistratus
524 1255 792 1304 Atheniensis,
832 1267 915 1294 cum
952 1255 1176 1306 excepisset
1208 1253 1412 1304 Megaren-

40 1311 136 1349 sium
163 1310 350 1360 classem,
383 1322 456 1361 qua
479 1311 535 1350 illi
558 1312 605 1350 ad
626 1311 785 1350 Eleusin
806 1317 921 1350 noctu
943 1310 1227 1362 adplicuerant,
1257 1315 1298 1348 ut
1318 1321 1414 1361 ope·

39 1372 142 1405 ratas
163 1365 319 1405 Cereris
340 1378 453 1405 sacro
476 1367 636 1406 feminas
656 1367 947 1406 Atheniensium
967 1372 1172 1417 raperent,
1195 1377 1411 1417 magnaque

41 1420 142 1460 edna
175 1423 296 1461 caede
333 1433 464 1461 eorunr
507 1423 609 1462 uhus
647 1429 752 1462 esset
789 1434 906 1472 suos,
949 1422 1086 1461 eaden1
1121 1433 1222 1473 quae
1252 1428 1412 1473 ceperat

40 1478 191 1528 navigia
219 1478 443 1516 Atheniensi
471 1479 588 1518 milite
621 1479 850 1530 complevit,
881 1478 1105 1530 quibusdam
1133 1478 1315 1517 matronis
1345 1477 1410 1516 ha-

38 1532 121 1587 bitu
147 1535 379 1584 captivarum
411 1535 447 1572 in
485 1541 696 1586 conspectu
725 1535 882 1573 locatis:
916 1546 989 1585 qua
1018 1534 1118 1572 facie
1143 1534 1300 1585 decepti
1329 1533 1410 1572 Me·

40 1598 249 1637 garenses,
274 1594 463 1639 tamquam
483 1591 560 1627 suis
587 1597 625 1629 et
646 1602 730 1629 cum
753 1602 938 1628 successu
953 1589 1264 1639 renavigantibus
1286 1590 1410 1628 effuse

41 1642 146 1681 obvii
173 1644 439 1694 inermesque,
470 1657 602 1683 rursus
632 1645 811 1695 obpressi
838 1651 937 1684 sunt.

152 1698 221 1737 45.
279 1698 414 1738 Cimon
450 1700 526 1738 dux
561 1700 871 1750 Atheniensium,
908 1702 1009 1739 victa
1047 1701 1176 1739 classe
1209 1700 1412 1739 Persarum

42 1753 144 1804 apud
173 1753 333 1793 insulam
363 1753 542 1806 Cypron,
579 1756 717 1794 milites
747 1768 840 1795 suos
876 1757 1038 1808 captivis
1071 1757 1185 1795 armis
1223 1756 1343 1795 induit
1371 1763 1411 1795 et

43 1809 188 1848 eisdem
219 1809 468 1848 barbarorum
497 1811 656 1850 navibus
685 1812 732 1851 ad
758 1812 908 1851 hostem
936 1813 1131 1863 navigavit
1159 1813 1196 1850 in
1222 1811 1408 1864 Pamphy-

42 1864 128 1903 liam
160 1865 260 1916 apud
290 1865 428 1904 flumen
458 1865 753 1915 Eurymedonta.
812 1868 977 1916 Persae,
1007 1880 1091 1907 cum
1122 1874 1162 1907 et
1190 1869 1342 1919 navigia
1372 1875 1411 1907 et

40 1919 207 1959 habitum
246 1922 537 1972 superstantium
578 1929 858 1973 agnoscerent,
896 1925 990 1963 nihil
1033 1930 1240 1968 caverunt;
1282 1924 1408 1963 subito

39 1977 168 2028 itaque
194 1977 395 2027 obpressi,
424 1978 561 2017 eodem
588 1979 650 2018 die
673 1986 711 2018 et
735 1979 859 2018 navali
883 1986 922 2019 et
948 1981 1120 2032 pedestri
1146 1980 1299 2032 proelio
1318 1981 1410 2018 victi

41 2039 135 2071 mmt

98 2382 248 2415 mour.
282 2391 431 2418 sTRA‘r.
1113 2392 1123 2416 ¹
