1566 2496
283 129 732 185 sm‘rnenusncon
760 149 850 181 Lm.
880 148 910 180 1.
942 148 1042 179 cn.
1075 147 1116 180 v.
1354 137 1402 177 15

28 257 263 299 induciarum
277 262 318 295 et
339 267 414 308 per
429 255 529 294 haec
543 259 706 294 avocata
729 252 962 301 intentione,
988 250 1249 290 adversarium
1265 251 1401 290 evasit.

145 313 208 354 19.
250 311 466 351 Hasdrubal
500 311 622 350 frater
661 308 903 357 Hannibalis„
936 320 1021 347 cum
1058 307 1195 346 saltum
1233 307 1402 346 evadere

31 379 108 412 non
136 373 296 422 posset,
325 367 501 407 faucibus
532 367 616 405 eius
637 365 834 414 obsessis,
856 365 936 415 egit
960 376 1045 403 cum
1064 361 1227 403 Claudio
1246 362 1404 402 Nerone

31 426 262 478 recepitque
306 423 499 463 dimissum
543 435 588 461 se
628 422 810 473 Hispania
852 431 1115 459 excessurum.
1191 418 1404 459 Cavillatus

29 481 169 524 deinde
198 477 501 528 conditionibus,
538 478 621 518 dies
659 477 806 529 aliquot
839 477 1025 521 extraxit;
1063 475 1200 527 quibus
1230 475 1406 515 omnibus

29 549 109 577 non
134 537 263 576 omisit
286 548 359 588 per
382 541 566 586 angustos
587 535 757 573 tramites
782 539 822 572 et
848 532 899 572 ob
919 532 957 572 id
983 532 1189 583 neglectos
1216 532 1406 571 dimittere

30 605 104 647 per
132 599 263 646 partes
291 592 522 633 exercitum:
553 591 638 643 ipse
666 589 806 629 deinde
830 601 915 628 cum
940 588 1102 640 reliquis
1131 588 1322 640 expeditis
1350 588 1406 628 fa-

35 649 112 689 cile
139 649 286 699 effugit.
465 693 467 695 ‚

142 704 211 744 20.
241 705 452 756 Spartacus
479 702 647 752 fossam,
677 714 751 753 qua
775 707 858 740 erat
887 713 909 740 a
935 699 986 740 M.
1018 699 1160 739 Crasso
1193 700 1405 740 circumda—

33 766 114 810 tus,
146 760 272 798 caesis
302 759 538 810 captivorum
559 769 822 810 pecorumque
845 757 1075 810 corporibus
1094 762 1210 796 noctu
1239 757 1407 809 replevit

39 821 79 854 et
107 826 387 866 supergressus
415 819 488 852 est.

146 870 215 910 21.
252 870 360 909 Idem
394 870 431 908 in
465 869 637 908 Vesuvio
676 869 884 919 obsessus,
930 881 978 908 ea
1013 875 1148 920 parte,
1186 881 1260 920 qua
1298 880 1406 908 mons

32 923 266 979 asperrimus
295 931 379 964 erat
406 925 574 976 ideoque
599 925 875 973 incustoditus,
907 937 958 963 ex
978 925 1117 963 vimine
1148 925 1321 964 silvestri
1343 937 1405 964 ca-

27 990 138 1023 tenas
176 981 392 1025 consen-uin
430 980 567 1032 quibus
604 981 793 1021 demissus
829 992 906 1020 non
942 980 1067 1019 solum
1097 982 1242 1030 evasit,
1269 994 1404 1020 verum

31 1039 146 1078 etiam
172 1049 223 1076 ex
246 1037 323 1076 alio
339 1037 472 1076 latere
501 1035 677 1075 Clodium
706 1038 758 1075 ita
787 1037 943 1085 terruit,
974 1042 1016 1074 ut
1045 1036 1191 1087 aliquot
1220 1037 1405 1076 cohortes

30 1092 306 1146 gladiatoribus
335 1098 513 1144 quattuor
542 1098 579 1131 et
608 1093 850 1143 septuaginta
881 1092 1083 1130 cesserint.

141 1148 208 1188 22.
238 1148 366 1197 Idem,
388 1161 472 1187 cum
496 1161 517 1186 a
533 1148 574 1187 P.
594 1147 752 1187 Varinio
777 1148 1012 1200 proconsule
1032 1148 1259 1200 praeclusus
1282 1155 1404 1199 esset,

31 1205 131 1258 palis
151 1217 224 1256 per
234 1204 390 1243 modica
413 1203 616 1242 intervalla
641 1204 726 1242 lixis
754 1210 842 1242 aute
869 1210 1019 1255 portam
1045 1210 1177 1243 erecta
1199 1205 1405 1255 cadavera,

33 1261 214 1301 adamata
239 1266 351 1299 veste
378 1266 494 1311 atque
523 1261 660 1309 armis,
698 1260 904 1310 adligavit,
934 1266 975 1298 ut
1006 1260 1143 1311 procul
1172 1261 1406 1300 intuentibus

30 1317 204 1359 stationis
227 1317 383 1368 species
400 1322 527 1364 esset,
553 1315 704 1366 ignibus
724 1328 797 1367 per
811 1321 892 1355 tota
914 1322 1040 1355 castra
1056 1317 1182 1355 factis.
1234 1317 1406 1368 Imagine

28 1384 126 1412 vana
151 1372 287 1412 deluso
315 1372 442 1421 hoste,
476 1373 610 1423 copias
642 1372 796 1410 silentio
826 1373 951 1411 noctis
979 1373 1123 1411 eduxit.

141 1427 208 1468 23.
244 1427 424 1467 Brasidas
456 1427 533 1466 dux
568 1427 981 1478 Lacedaemoniorum,
1016 1429 1120 1467 circa
1156 1429 1406 1481 Amphipolin

29 1484 77 1523 ab
103 1483 393 1523 Atheniensium
414 1483 648 1523 multitudine
666 1496 824 1523 numero
846 1485 968 1535 impar
990 1485 1278 1536 deprehensus,
1302 1486 1405 1525 clau-

30 1539 193 1579 dendum
212 1552 255 1578 se
272 1541 483 1591 praestitit,
509 1545 549 1578 ut
570 1551 642 1590 per
656 1539 812 1589 longum
834 1551 1004 1579 coronae
1026 1540 1204 1580 ambitum
1223 1548 1405 1581 extenua-

30 1601 92 1634 ret
113 1594 293 1634 hostilem
318 1595 593 1646 frequentiam:
622 1607 774 1646 quaque
801 1596 985 1634 rarissimi
1013 1595 1240 1647 obstabant,
1263 1599 1404 1649 erupit.

146 1650 215 1691 24.
244 1650 457 1702 Iphicrates
487 1652 525 1688 in
545 1650 707 1689 Thracia
738 1662 822 1688 cum
843 1651 1033 1702 depresso
1057 1652 1148 1691 loco
1179 1659 1304 1691 castra
1336 1666 1406 1705 po-

0 1730 1 1758 ς
32 1705 199 1754 suisset,
230 1706 475 1757 explorasset
501 1712 626 1744 autem
646 1706 693 1744 ab
712 1705 824 1745 hoste
847 1709 1059 1758 proximum
1087 1710 1210 1747 teneri
1249 1710 1405 1760 collem,

0 1761 1 1767 ’
36 1773 87 1798 ex
126 1771 203 1811 quo
238 1773 335 1799 uuus
372 1761 420 1800 ad
455 1760 728 1812 obprimendos
767 1763 876 1813 ipsos
914 1763 1126 1803 descensus
1157 1771 1261 1814 erat,
1290 1773 1406 1806 nocte

35 1817 173 1868 paucis
201 1816 298 1855 intra
326 1822 452 1854 castra
482 1816 630 1855 relictis
658 1818 880 1868 imperavit,
908 1820 1048 1858 multos
1078 1821 1189 1870 ignes
1217 1821 1405 1872 facerent,

34 1871 255 1923 eductoque
286 1873 459 1910 exercitu
490 1878 529 1910 et
557 1872 746 1923 disposito
778 1874 879 1913 circa
910 1875 1031 1914 latera
1052 1877 1278 1928 praedictae
1303 1879 1405 1928 viae,

30 1939 172 1979 passus
201 1933 261 1967 est
286 1927 449 1965 transire
482 1926 688 1973 barbaros;
723 1928 974 1982 locorumque
1009 1932 1229 1984 iniquitate,
1264 1934 1302 1972 in
1333 1946 1406 1985 qua

31 1984 119 2034 ipse
147 1983 295 2031 suerat,
323 1983 361 2021 in
388 1982 479 2022 illos
508 1994 721 2034 conversa,
751 1991 862 2036 parte
899 1988 1096 2030 exercitus
1132 1994 1244 2039 terga
1274 2003 1405 2031 eorum

30 2039 197 2088 cecidit,
223 2045 334 2090 parte
364 2044 490 2078 castra
518 2040 634 2090 cepit.

142 2093 211 2134 25.
242 2095 416 2143 Dareus,
455 2100 496 2133 ut
535 2094 690 2134 falleret
718 2096 883 2146 Scythas
912 2098 1109 2149 discessu,
1141 2112 1258 2139 canes
1290 2107 1404 2152 atque

33 2149 167 2190 asinos
202 2152 241 2190 in
280 2151 417 2190 castris
453 2150 628 2201 reliquit:
668 2163 767 2203 quos
804 2165 888 2192 cum
925 2153 1110 2195 latrantes
1141 2157 1404 2208 rudentesque

33 2198 159 2249 hoffls
186 2207 358 2255 audiret,
389 2218 589 2245 remanere
618 2206 785 2246 Dareum
815 2209 988 2250 credidit.

142 2261 211 2302 26.
242 2262 427 2302 Eumdem
456 2273 627 2302 errorem
656 2262 845 2303 obiectari
879 2268 1021 2306 nostris
1050 2267 1220 2315 Silures,
1249 2279 1320 2318 per
1347 2267 1402 2307 di—

30 2328 143 2356 versa
167 2317 254 2359 loca
280 2318 444 2358 buculos
473 2318 622 2370 laqueis
650 2318 696 2358 ad
726 2319 886 2361 arbores
922 2322 1207 2373 adligaverunt,
1244 2324 1308 2374 qui
1337 2323 1404 2362 de-
