1566 2496
179 117 232 158 86
625 130 724 163 SEX.
754 132 869 163 IULII
898 133 1123 167 monum

176 232 495 326 plmfplissimarum
526 245 653 274 rerum
676 235 1045 278 administrationem
1073 238 1112 279 in
1139 241 1302 281 maxima
1329 247 1560 295 paupertate

205 299 226 326 e
247 289 364 327 uncti.

291 357 329 396 6.
398 355 682 408 Epaminondas
720 358 796 398 dux
837 359 1104 402 Thebanorum
1142 369 1272 404 tantae
1307 364 1561 405 abstinentiae

175 411 268 461 fuit,
300 418 339 451 ut
368 413 406 450 in
436 413 699 464 suppellectili
721 416 804 454 eius
832 423 989 468 praeter
1014 425 1183 459 stoream
1214 427 1252 460 et
1275 433 1438 461 aeneum
1465 435 1561 462 veru

174 467 267 507 nihil
296 469 544 508 inveniretur.

291 537 328 575 7.
386 535 597 587 Hannibal,
637 549 801 588 surgere
839 538 888 578 de
930 547 1044 581 nocte
1083 542 1241 594 solitus,
1278 551 1365 583 ante
1405 550 1560 584 noctem

174 603 251 630 non
291 592 586 644 requiescebat3
627 594 862 645 crepusculo
899 596 1048 637 demum
1085 599 1132 639 ad
1178 612 1339 639 coenam
1375 599 1558 650 vocabat,

174 659 300 699 neque
334 648 497 700 amplius
525 661 638 701 quam
668 650 818 689 duobus
844 651 958 691 lectis
990 654 1303 696 discumbebatur
1332 656 1432 708 apud
1459 669 1556 695 eum.

288 716 325 755 8.
386 715 490 755 Idem
504 746 515 766 ,
541 729 624 755 cum
646 716 716 755 sub
736 717 977 759 Hasdrubale
998 721 1235 774 imperatore
1260 723 1452 773 militaret,
1474 723 1557 775 ple-

172 784 333 823 rumque
363 784 482 824 super
512 773 649 812 nudam
679 773 831 813 humum
861 776 998 826 sagulo
1024 782 1161 833 tectus„
1177 791 1334 819 somnos
1366 778 1556 832 capiebat.

285 840 323 880 9.
379 839 635 879 Aemilianum
661 841 882 893 Scipionem
919 845 1081 885 traditur
1117 846 1156 886 in
1186 847 1323 887 itinere
1355 859 1447 890 cum¹
1468 846 1557 887 ami·

175 895 229 933 cis
256 895 513 935 ambulantem
543 902 709 948 accepto
742 910 841 949 pane
871 901 980 939 vesci
1010 902 1179 942 solitum.

289 965 353 1004 10.
412 963 518 1003 Idem
546 969 586 1002 et
613 964 661 1003 de
689 963 915 1006 Alexandro
943 967 1159 1010 Macedone
1188 971 1338 1011 dicitur.

290 1033 356 1071 11.
408 1031 673 1082 Masinissam,
710 1036 998 1084 nonagesimum
1027 1039 1164 1077 aetatis
1196 1049 1332 1077 annum
1360 1045 1555 1090 agentem,

172 1098 334 1138 meridie
375 1106 464 1138 ante
502 1098 791 1140 tabernaculum
831 1108 996 1142 stantem
1030 1105 1096 1144 vel
1123 1104 1380 1145 ambulantem
1410 1117 1556 1157 capere

170 1155 325 1194 solitum
357 1155 465 1194 cibos
495 1155 674 1206 legimus.

287 1222 350 1261 12.
410 1222 476 1261 Μ’.
510 1221 669 1272 Curius,
710 1236 794 1262 cum
824 1225 937 1264 victis
970 1226 1018 1265 ab
1052 1239 1100 1266 eo
1140 1227 1293 1267 Sabinis
1322 1241 1372 1268 ex
1399 1234 1556 1268 senatus

169 1279 348 1317 consulto
388 1279 638 1330 ampliaretur
674 1280 709 1318 ei
740 1280 875 1319 modus
907 1283 1012 1332 agri,
1046 1295 1158 1334 quem
1180 1286 1431 1324 consummati
1456 1285 1553 1324 mili-

167 1341 228 1374 tes
266 1334 533 1386 accipiebant,
572 1336 789 1385 gregalium
822 1338 1001 1387 portione
1042 1345 1245 1379 contentus
1283 1341 1376 1391 fuit,
1414 1341 1553 1380 malum

170 1392 293 1429 civem
325 1391 479 1439 dicens,
513 1390 572 1428 cui
602 1402 678 1428 non
705 1398 811 1430 esset
839 1393 939 1431 idem
970 1395 1075 1445 quod
1107 1398 1250 1435 ceteris
1282 1398 1387 1437 satis.

285 1456 348 1495 13.
408 1457 588 1495 Universi
611 1469 766 1508 quoque
794 1460 989 1498 exercitus
1010 1461 1192 1502 notabilis
1223 1477 1343 1515 saepe
1366 1464 1437 1503 fuit
1460 1474 1551 1502 con·

165 1514 345 1562 tinentia,
387 1514 499 1552 sicuti
536 1513 641 1561 eius,
682 1513 746 1564 qui
787 1513 857 1552 sub
895 1514 948 1553 M.
979 1517 1127 1556 Scauro
1168 1521 1318 1558 meruit.
1377 1518 1551 1570 Namque

165 1570 374 1608 memoriae
395 1569 548 1608 tradidit
572 1569 741 1608 Scaurus
755 1599 766 1619 ,
790 1571 1015 1621 pomiferam
1032 1572 1234 1625 arborem,
1263 1586 1374 1626 quam
1395 1575 1433 1612 in
1450 1574 1551 1626 pede

168 1632 382 1665 castrorum
404 1626 530 1664 fuerat
555 1625 758 1676 complexa
779 1628 957 1679 metatio,
979 1635 1141 1682 postero
1163 1630 1226 1670 die
1248 1630 1414 1670 abeunte
1436 1642 1550 1670 exer-

168 1684 243 1721 citu
275 1683 426 1722 intactis
457 1681 646 1720 fructibus
675 1681 865 1723 relictam.

283 1751 345 1788 14.
406 1749 602 1800 Auspiciis
639 1748 888 1800 Imperatoris
928 1750 1109 1792 Caesaris
1145 1753 1352 1793 Domitiani
1384 1752 1549 1804 Augusti

167 1806 384 1844 Germanici
424 1818 471 1844 eo
505 1805 635 1854 bello,
677 1806 778 1857 quod
818 1806 936 1846 Iulius
965 1807 1100 1848 Civilis
1139 1810 1179 1848 in
1209 1809 1331 1850 Gallia
1357 1814 1547 1859 moverat,

163 1860 378 1912 Lingonum
410 1861 704 1913 opulentissima
736 1862 885 1913 civitaS,
915 1877 1015 1916 quae
1045 1865 1092 1904 ad
1124 1864 1286 1906 Civilem
1312 1866 1546 1913 desciverat,

164 1929 249 1956 cum
278 1918 507 1957 adveniente
537 1919 713 1956 exercitu
743 1916 924 1959 Caesaris
946 1921 1237 1973 populationem
1255 1923 1421 1971 timeret,
1444 1920 1547 1976 quod

164 1979 298 2012 contra
329 1975 663 2025 exspectationem
693 1974 874 2015 inviolata
903 1977 995 2016 nihil
1021 1990 1072 2016 ex
1100 1978 1220 2017 rebus
1249 1979 1328 2017 suis
1351 1978 1544 2024 amiserat,

163 2029 210 2069 ad
241 2029 468 2080 obsequium
504 2030 662 2085 redacta
697 2033 943 2083 septuaginta
982 2034 1085 2073 milia
1125 2041 1355 2074 armatorum
1391 2031 1546 2072 tradidit

163 2085 266 2126 mihi.

280 2153 342 2191 15.
401 2152 442 2191 L.
470 2153 690 2204 Mummius,
734 2156 798 2206 qui
830 2154 1016 2194 Corintho
1056 2163 1168 2209 capta
1197 2167 1274 2194 non
1301 2152 1450 2192 Italiam
1481 2164 1544 2191 so·

163 2209 239 2247 lum
274 2208 343 2247 sed
382 2210 496 2248 etiam
527 2211 744 2260 provincias
776 2211 916 2250 tabulis
946 2214 1159 2264 statuisque
1189 2210 1412 2258 exornavit,
1444 2209 1543 2249 adeo

163 2264 253 2303 nihil
282 2277 331 2303 ex
361 2266 474 2304 tantis
503 2266 690 2304 manubiis
721 2268 756 2304 in
793 2279 901 2305 suum
927 2270 1137 2317 convertit,
1162 2273 1203 2306 ut
1231 2266 1346 2305 filiam
1376 2266 1459 2305 eius
1489 2265 1542 2303 in·

165 2332 278 2372 opem
313 2328 468 2361 senatus
500 2333 549 2361 ex
579 2321 738 2373 publico
768 2323 971 2362 dotaverit.
