1566 2496
138 136 191 177 92
575 148 676 180 SEX.
707 150 823 181 1UL11
854 150 1081 184 Fnou‘rnu

138 250 236 289 duos
268 251 437 290 admovit
466 252 628 291 iuvenes
664 254 838 293 similiter
867 255 1067 307 adfectos,
1097 257 1297 298 robustum
1325 263 1364 298 et
1392 260 1517 310 graci-

137 307 234 346 lem:
268 320 313 346 ac
347 308 556 347 robustiori
586 310 812 361 imperavit,
846 314 935 363 equi
966 314 1080 353 exilis
1113 315 1329 354 universam
1359 316 1519 355 caudam

137 363 394 416 abrumpere,
424 365 562 415 gracili
592 373 739 417 antem,
770 367 996 409 valentioris
1022 382 1094 422 per
1116 371 1291 422 singulos
1312 371 1416 423 pilos
1434 372 1517 411 vel-

137 420 234 459 lere.
297 419 469 472 Cumque
499 423 635 472 gracili
656 425 916 465 successisset
941 427 1043 479 quod
1069 428 1295 479 imperatum
1327 433 1422 478 erat,
1451 440 1518 467 va—

136 476 343 515 lidissimus
377 490 462 516 cum
485 478 621 517 infirmi
648 481 735 531 equi
768 480 887 520 cauda
917 484 999 522 sine
1029 483 1171 523 effectu
1193 484 1416 533 luctaretur,
1442 483 1518 522 Na·

135 539 284 583 turam,
326 534 445 585 inquit
483 535 701 585 Sertorius,
742 535 995 578 Romanarum
1033 541 1168 579 virium
1199 552 1271 592 per
1300 540 1376 579 hoc
1405 539 1518 579 vohis

137 589 356 641 exemplum
386 591 563 640 ostendi,
594 592 756 631 milites:
793 593 1075 646 insuperabiles
1106 602 1192 635 sunt
1222 596 1422 635 universas
1453 596 1517 635 ad·

134 646 348 696 gredienti,
381 647 539 686 easdem
570 647 757 688 lacerabit
779 655 817 688 et
842 658 1002 703 carpet,
1031 653 1094 704 qui
1123 665 1197 705 per
1226 659 1358 704 partes
1385 652 1516 692 adten-

133 703 285 741 taverit.

250 759 289 797 7.
343 758 523 798 Valerius
539 759 727 799 Laevinus
745 762 901 811 consul,
923 775 1007 802 curn
1031 761 1271 804 intra'castra
1288 777 1355 804 sua
1381 765 1516 816 explo-

134 821 302 853 ratorem
326 815 491 854 hostium
517 816 841 868 deprehendisset
863 831 1117 873 magnamque
1141 822 1338 873 copiarum
1366 833 1518 860 suarum

134 871 309 910 fiduciam
338 871 524 922 haberet,
565 874 798 913 circumduci
837 887 921 914 eum
951 877 1079 923 iussit;
1115 877 1366 929 terrendique
1395 878 1518 916 hostis

135 940 253 967 causa
284 928 445 978 adiecit,
474 930 670 969 exercitus
699 942 792 969 suos
822 932 1007 971 visendos
1027 933 1338 985 speculatoribus
1368 945 1516 984 eorum,

136 985 315 1035 quotiens
346 985 582 1036 voluissent,
614 993 763 1038 patere.
1378 1036 1384 1041 ᾗ

250 1040 288 1080 8.
346 1039 542 1081 Caeditius
568 1044 838 1094 primipilaris,
871 1045 934 1096 qui
970 1045 1007 1083 in
1038 1044 1239 1086 Germania
1264 1053 1356 1099 post
1381 1047 1515 1086 Varia-

135 1108 220 1136 nam
250 1097 399 1137 cladem
427 1098 601 1138 obsessis
628 1100 770 1138 nostris
796 1112 868 1152 pro
897 1101 995 1140 duce
1025 1101 1120 1152 fuit,
1151 1104 1317 1154 veritus,
1349 1116 1397 1142 ne
1426 1103 1512 1142 bar-

133 1153 216 1192 bari
257 1154 359 1204 ligna
393 1167 491 1206 quae
534 1162 722 1207 congesta
760 1163 868 1195 erant
901 1157 1004 1196 vallo
1041 1159 1291 1211 admoverent
1321 1166 1358 1198 et
1389 1165 1516 1199 castra

134 1211 217 1248 eius
258 1211 533 1262 incenderent,
577 1213 749 1252 simulata
780 1213 970 1263 lignorum
1002 1215 1152 1267 inopia,
1193 1216 1319 1254 missis
1346 1217 1515 1268 undique

133 1267 198 1317 qui
220 1278 266 1305 ea
298 1267 515 1307 furarentur
545 1269 702 1319 effecit,
734 1275 773 1308 ut
798 1269 975 1309 Germani
995 1272 1196 1310 universos
1223 1277 1382 1311 truncos
1411 1283 1514 1312 amo-

132 1322 304 1362 lirentur.

246 1379 283 1419 9.
341 1379 410 1418 Cn.
444 1380 578 1430 Scipio
609 1379 714 1418 bello
739 1380 865 1418 navali
885 1381 1091 1433 amphoras
1112 1383 1201 1434 pice
1231 1390 1271 1423 et
1297 1383 1410 1423 taeda
1430 1384 1513 1435 ple-

134 1447 204 1473 nas
236 1436 271 1473 in
302 1435 469 1474 hostium
499 1435 664 1474 classem
689 1435 879 1475 iaculatus
903 1443 984 1487 est,
1017 1450 1174 1489 quarum
1200 1441 1322 1479 iactus
1354 1446 1393 1478 et
1418 1451 1514 1491 pon—

133 1491 226 1530 dere
245 1492 346 1530 soret
362 1492 500 1530 noxius
518 1497 556 1530 et
579 1490 847 1542 diffundendo,
867 1505 966 1544 quae
983 1495 1269 1546 continuerant,
1297 1496 1514 1535 alimentum

131 1554 351 1599 praestaret
373 1547 566 1586 incendio.

250 1605 315 1644 10.
374 1603 562 1643 Hannibal
591 1605 676 1654 regi
710 1604 903 1643 Antiocho
933 1607 1178 1656 monstravit,
1211 1613 1251 1646 ut
1278 1607 1314 1645 in
1347 1607 1513 1646 hostium

135 1660 302 1699 classem
331 1660 489 1699 vascula
514 1661 746 1699 iacularetur
773 1661 918 1712 viperis
948 1662 1077 1713 plena,
1109 1674 1266 1714 quarum
1294 1669 1396 1702 metu
1423 1675 1513 1715 per-

131 1717 253 1755 territi
273 1717 414 1756 milites
437 1729 458 1755 a
479 1716 722 1755 dimicatione
745 1723 782 1755 et
802 1719 963 1756 nauticis
984 1719 1204 1757 ministeriis
1225 1719 1511 1771 impedirentur.

243 1774 306 1811 11.
366 1772 472 1811 Idem
503 1772 617 1822 fecit,
650 1774 722 1812 iam
750 1774 913 1812 cedente
942 1775 1070 1814 classe
1099 1787 1192 1824 sua,
1218 1775 1384 1815 Prusias.

240 1828 304 1867 12.
364 1828 414 1867 M.
447 1829 607 1868 Porcius
637 1830 778 1880 impetu
816 1831 852 1868 in
881 1830 1045 1870 classem
1074 1831 1239 1870 hostium
1267 1843 1350 1870 cum
1377 1832 1513 1871 transi—

131 1885 291 1934 luisset,
330 1885 543 1924 deturbatis
582 1897 630 1923 ex
662 1897 706 1924 ea
738 1885 878 1924 Poenis
910 1897 1120 1938 eorumque
1146 1889 1260 1926 armis
1290 1894 1328 1927 et
1358 1888 1513 1939 insigni-

130 1940 202 1979 bus
233 1941 331 1979 inter
357 1954 449 1980 suos
477 1940 701 1990 distributis,
729 1942 865 1982 multas
895 1955 1014 1982 naves
1044 1943 1223 1994 hostium,
1250 1955 1348 1996 quos
1378 1943 1513 1983 sociali

130 1995 262 2036 habitu
288 1996 506 2045 fefellerat,
537 1998 681 2036 mersit.

245 2051 309 2092 13.
366 2053 648 2103 Athenienses,
679 2066 762 2092 cum
785 2054 947 2094 subinde
975 2067 995 2094 a
1015 2054 1331 2094 Lacedaemoniis
1355 2053 1509 2092 infesta-

131 2115 286 2158 rentur,
309 2108 444 2148 diebus
475 2108 607 2158 festis,
635 2122 733 2161 quos
765 2122 900 2149 sacros
927 2110 1123 2150 Minervae
1152 2117 1260 2150 extra
1282 2110 1415 2150 urbem
1446 2122 1510 2149 ce-

132 2164 356 2214 lebrabant,
381 2176 529 2203 omnem
553 2166 705 2215 quidem
727 2167 933 2205 colentium
955 2168 1200 2206 imitationem
1217 2172 1510 2217 expresserunt,

133 2222 249 2260 armis
278 2227 402 2260 tamen
441 2220 510 2259 suh
540 2227 651 2260 veste
682 2222 831 2261 celatis.
891 2223 1054 2262 Peracto
1082 2225 1155 2262 ritu
1181 2233 1251 2261 suo
1279 2232 1355 2259 non
1385 2222 1511 2260 statim

132 2277 306 2316 Athenas
334 2277 507 2326 reversi,
543 2277 613 2315 sed
643 2284 828 2328 protenus
858 2279 945 2317 inde
969 2279 1103 2330 raptim
1134 2283 1221 2316 acto
1251 2276 1510 2317 Lacedaemo·

133 2334 280 2372 niorum
305 2335 340 2373 in
370 2345 486 2385 agros
510 2333 680 2384 agmine,
704 2345 752 2372 eo
772 2340 948 2386 tempore
963 2363 974 2384 ,
1005 2346 1080 2386 quo
1101 2334 1251 2373 minime
1266 2333 1508 2383 timebantur,
