1566 2496
189 155 253 186 DE
282 153 439 194 aqum
470 152 700 184 Duc‘rmus
729 151 864 184 muns
893 150 1053 183 ROMAE
1081 150 1235 182 Lmen.
1317 140 1397 180 109

26 259 203 298 vicenum
242 269 315 310 per
350 269 485 296 omues
523 255 702 295 modulos
737 256 790 294 ita
817 267 862 294 se
891 253 1033 303 habet,
1069 260 1111 292 ut
1141 252 1395 296 ostendimus:

30 321 70 354 et
98 315 201 354 omni
228 325 376 365 genere
406 314 496 352 inita
529 318 679 351 constat
708 311 807 350 sibi:
837 311 1017 349 convenit
1047 316 1086 349 et
1114 322 1198 348 cum
1228 309 1287 348 his
1315 320 1396 348 mo-

27 371 153 419 dulis,
191 371 256 422 qni
296 370 334 408 in
367 369 648 408 commentariis
676 367 914 406 invictissimi
950 372 990 406 et
1021 366 1180 417 piissimi
1210 365 1397 416 Principis

26 427 143 479 positi
175 432 216 465 et
244 425 456 466 confirmati
495 430 594 463 sunt.
653 425 745 462 Sive
779 424 909 474 itaque
945 423 1042 462 ratio
1073 423 1157 460 sive
1186 422 1397 460 auctoritas

27 481 225 535 sequenda
264 487 347 531 est,
383 487 547 532 utroque
587 480 943 519 commentariorum
982 478 1126 518 moduli
1156 477 1396 529 praevalent.

26 538 107 578 Sed
137 539 283 590 aquarii
321 549 406 576 cum
445 536 671 576 manifestae
706 536 842 575 rationi
876 536 914 573 iu
943 534 1116 586 pluribus
1141 535 1396 581 consentiant,

27 595 67 634 in
99 601 278 646 quattuor
310 593 475 632 modulis
502 598 760 641 novaverant,
797 591 1031 630 duodenaria
1066 596 1105 628 et
1132 590 1327 629 vicenaria
1358 595 1398 628 et

3 678 11 682 -
29 651 250 690 centenaria
279 655 319 688 et
345 655 548 688 centenum
572 649 760 687 vicenum.
819 647 930 699 (32.)
960 646 1009 685 Et
1033 646 1291 685 duodenariae
1316 646 1397 697 qui·

28 707 115 746 dem
142 717 217 744 nec
244 717 403 755 maguus
430 717 541 744 error
574 717 648 743 uec
674 716 765 742 usus
793 703 977 755 frequens
1006 709 1086 741 est:
1119 703 1226 741 cuius
1255 702 1397 741 diame-

27 768 88 800 tro
116 762 341 800 adiecerunt
364 760 470 811 digiti
499 761 755 808 semunciam,
791 760 1001 809 sicilicum,
1032 759 1237 810 capacitati
1267 759 1397 809 quina-

28 818 110 856 riae
140 817 399 868 quadrantem.
458 816 500 854 ln
529 816 687 866 reliquis
721 822 846 854 autem
872 815 993 854 tribus
1022 814 1185 853 modulis
1215 814 1302 866 plus
1331 814 1396 852 de-

28 872 289 925 prehenditur.
346 872 587 910 vicenariam
624 872 862 921 exiguiorem
894 870 1039 909 faciunt
1068 870 1254 909 diametro
1291 870 1397 920 digiti

30 929 215 977 semisse,
246 929 460 980 capacitate
484 927 666 979 quinariis
686 926 806 965 tribus
838 932 877 965 et
905 927 1118 965 semuncia:
1146 938 1222 977 quo
1242 925 1397 965 modulo

31 985 259 1036 plerumque
280 990 474 1034 erogatur.
533 982 761 1022 Centenaria
788 988 914 1021 autem
930 987 969 1020 et
985 987 1186 1020 centenum
1207 983 1397 1029 vicenum,

32 1040 169 1092 quibus
195 1039 353 1079 adsidue
374 1040 586 1091 accipiunt,
617 1050 693 1077 nou
712 1040 945 1085 minuuntur,
971 1038 1040 1076 sed
1065 1043 1262 1088 augentur.
1308 1037 1398 1076 Dia-

29 1102 156 1136 metro
186 1097 284 1135 enim
308 1097 551 1134 centenariae
575 1095 740 1134 adiciunt
768 1094 875 1144 digiti
903 1093 1059 1132 bessem
1083 1100 1121 1132 et
1152 1094 1398 1141 semunciam,

30 1152 232 1204 capacitati
258 1152 450 1203 quinarias
477 1152 628 1199 decem,
659 1151 881 1201 semissem,
911 1150 1164 1199 semunciam,
1197 1149 1397 1188 sicilicum.

31 1207 243 1247 Gentenum
265 1209 441 1247 vicenum
462 1207 649 1246 diametro
674 1206 840 1245 adiciunt
856 1206 996 1256 digitos
1021 1212 1126 1255 tres,
1157 1212 1399 1257 semuncem,

30 1265 286 1313 semunciam,
324 1263 527 1315 capacitati
551 1264 741 1314 quinarias
772 1271 887 1311 LXV,
918 1261 1165 1310 dodrantem,
1198 1262 1397 1300 sicilicum.

30 1319 143 1372 (33.)
177 1319 257 1368 Ita,
294 1320 382 1359 dum
409 1325 473 1358 aut
500 1319 741 1368 vicenariae,
775 1330 850 1370 qua
876 1317 1038 1357 subinde
1067 1324 1249 1368 erogant,
1273 1317 1398 1356 detra-

14 1375 144 1425 -lmnt,
181 1382 244 1415 aut
274 1377 518 1414 centenariae
546 1381 584 1414 et
614 1381 815 1414 centenum
840 1374 1017 1412 vicenum
1043 1374 1230 1423 adiciunt,
1262 1372 1399 1425 quibus

30 1443 187 1483 semper
212 1433 425 1484 accipiunt,
451 1432 739 1482 intercipiuntur
761 1432 799 1468 iu
825 1431 1046 1469 centenaria
1067 1431 1264 1481 quinariae
1287 1438 1397 1478 XXV,

30 1487 213 1536 dextans,
251 1488 422 1536 sextula,
464 1489 502 1526 iu
542 1493 744 1526 centenum
772 1487 948 1526 vicenum
981 1487 1175 1537 quinariae
1205 1494 1396 1533 LXXXIV,

26 1543 165 1593 uncia,
203 1543 386 1582 sicilicus.
446 1543 559 1591 Quod
589 1556 673 1582 cum
701 1543 849 1581 ratione
879 1542 1135 1592 adprobetur,
1167 1554 1213 1580 re
1243 1553 1399 1593 quoque

32 1600 119 1650 ipsa
145 1599 385 1638 mamfestum
414 1605 486 1637 est.
543 1598 639 1637 Nam
668 1610 739 1650 pro
766 1598 981 1646 vicenaria,
1008 1609 1119 1649 quam
1150 1596 1297 1636 Caesar
1326 1608 1398 1648 pro

33 1655 215 1704 quinariis
249 1654 420 1692 sedecim
451 1654 647 1704 adsignat,
684 1665 760 1692 non
793 1653 879 1703 plus
916 1659 1100 1703 erogant,
1133 1665 1242 1704 quam
1272 1653 1399 1691 trede-

35 1709 128 1752 cim:
157 1714 198 1747 et
221 1719 273 1748 ex
292 1710 532 1757 centenaria,
561 1721 673 1759 quam
695 1708 990 1759 ampliaverunt,
1019 1721 1143 1760 aeque
1163 1715 1307 1747 certum
1324 1714 1399 1757 est,

34 1763 126 1803 illos
159 1774 237 1803 non
274 1775 440 1814 erogare
475 1765 546 1802 nisi
580 1765 628 1804 ad
665 1766 845 1803 artiorem
880 1776 1095 1804 numerum:
1136 1765 1225 1815 quia
1255 1763 1401 1803 Caesar

35 1819 242 1858 secundnm
264 1830 356 1858 snos
380 1822 694 1869 commentarios,
720 1832 803 1859 cum
825 1833 875 1858 ex
904 1831 1054 1872 quaque
1083 1822 1304 1860 centenaria
1333 1833 1399 1859 ex-

34 1875 155 1927 plevit
177 1876 368 1926 quinarias
391 1884 557 1924 LXXXI,
586 1878 807 1925 semissem,
831 1877 918 1914 item
942 1890 993 1916 ex
1009 1883 1210 1916 centenum
1225 1878 1401 1915 vicenum

35 1932 226 1982 quinarias
263 1939 390 1970 XCVII
425 1937 464 1970 et
498 1931 744 1981 dodrantem,
780 1938 970 1984 tamquam
1009 1933 1197 1972 exhausto
1228 1933 1399 1981 modulo,

36 1987 174 2026 desinit
203 1986 445 2026 distribuere.

146 2041 214 2082 34.
270 2042 311 2080 Iu
340 2055 481 2082 summa
513 2042 657 2081 moduli
692 2050 778 2082 sunt
814 2053 923 2084 xxv.
981 2044 1124 2083 Omnes
1160 2046 1401 2084 consentiunt-

36 2104 76 2136 et
102 2099 238 2138 rationi
265 2105 302 2137 et
326 2100 628 2149 commentariis,
656 2088 832 2151 exceptis
851 2100 910 2139 his
936 2107 1135 2152 quattuor,
1168 2113 1265 2152 quos
1286 2111 1400 2150 aqua-

37 2153 83 2191 rii
122 2161 372 2194 novaverunt.
439 2154 571 2194 Omnia
608 2161 755 2204 autem,
797 2167 896 2207 quae
932 2168 1109 2195 mensura
1147 2158 1400 2202 continentur,

38 2214 144 2248 certa
180 2217 219 2249 et
255 2211 460 2250 immobilia
500 2223 717 2261 congruere
747 2210 820 2249 sibi
850 2211 1011 2251 debent:
1049 2214 1100 2251 ita
1131 2214 1229 2250 enim
1254 2217 1292 2249 et
1322 2211 1401 2248 uni-

36 2265 207 2304 versitati
232 2267 329 2305 ratio
360 2266 561 2306 constabit.
621 2266 669 2305 Et
694 2267 1007 2318 quemadmodum
1028 2268 1138 2306 verbi
1162 2267 1282 2317 gratia
1313 2278 1401 2304 sex-

38 2319 122 2358 tarii
147 2322 242 2360 ratio
271 2322 319 2361 ad
349 2323 531 2372 cyathos,
561 2323 676 2362 modii
705 2334 800 2361 vero
826 2330 864 2363 et
887 2325 934 2363 ad
957 2325 1149 2362 sextarios
1176 2329 1214 2360 et
1238 2322 1285 2360 ad
1313 2333 1401 2370 cya-
