1566 2496
83 116 151 147 XII
655 117 919 150 PRAEFATIO

81 225 153 271 qui,
175 222 278 271 quod
296 223 410 271 vulgo
432 226 516 260 ante
523 227 656 272 postea
671 225 870 272 invenitur,
889 225 1133 273 plurimorum
1155 225 1473 266 librorumaueto-

82 281 189 317 ritate
213 281 320 317 eieci.
1220 293 1238 314 ο

195 337 288 384 Cap.
311 335 375 372 IV.
398 338 431 372 1.
445 337 637 382 protrivit)
684 336 789 381 Quae
812 338 927 385 vulgo
950 341 1156 385 sequuntur
1188 339 1241 382 (el
1257 339 1310 375 ad
1330 339 1473 388 famem

81 393 241 430 redactis
252 394 394 440 potitus
413 394 505 438 est),
535 393 703 440 relegavi
730 393 778 429 ad
807 394 1019 441 exemplum
1047 399 1084 433 2.
1126 394 1226 431 Vide
1246 395 1344 433 Oud.
1393 395 1473 434 Sed

82 449 185 485 aliud
205 450 337 486 vitium
357 450 471 484 latere
491 448 652 486 videtur.
695 450 871 487 Fortasse
893 450 1116 498 legendum:
1137 455 1203 488 aul
1214 454 1389 499 protrivit
1406 455 1474 489 aut

80 507 118 541 in
138 511 264 543 castra
283 506 468 543 convexit:
489 515 537 540 ex
555 506 638 542 Liv.
653 505 783 543 XXIII.
803 509 850 546 48
866 507 943 543 init.
983 507 1068 544 Non
1082 512 1156 544 tam
1170 507 1276 544 rudis
1290 507 1472 545 historiae

82 567 207 599 noster
227 564 312 609 suit,
342 566 380 598 ut
400 572 445 597 ea
459 589 468 606 ,
490 572 585 608 quae
612 562 728 609 vulgo
750 562 810 600 hic
832 567 1049 610 narrantur,
1067 563 1250 612 imputare
1272 566 1307 601 ei
1326 566 1468 613 possis.

193 619 283 666 Cap.
305 618 355 654 V.
375 622 407 656 1.
425 618 509 664 spe)
527 617 581 654 Ita
600 619 717 655 Palat.
751 618 873 655 Ceteri
890 629 972 667 ope.

195 675 285 723 Cap.
307 675 369 712 VI.
397 678 430 712 1.
451 674 681 719 decreturos)
703 686 788 711 eum
809 675 918 722 Oud.,
941 687 1009 723 pro
1040 676 1307 713 decertaturos.
1334 670 1352 729 Η
1379 679 1415 714 4.
1437 681 1472 714 et

78 732 178 778 inop.
198 736 280 768 arte
297 730 464 776 invalidi)
501 730 594 768 Mss.
623 730 802 768 Scriverii
821 733 1002 780 inopinati
1019 733 1191 769 invalida.
1223 733 1336 780 Vulg.
1352 734 1470 780 inopi-

78 789 158 823 nati
181 791 216 824 et
238 787 398 824 invalidi.
439 786 593 831 „Durch
613 787 674 823 die
701 788 938 825 unverhoffte
961 789 1160 837 Kriegslist
1186 788 1469 836 gesehwaehtst

83 837 101 895 Η
127 846 161 882 6.
184 844 398 887 Catiniens.)
425 842 454 878 E
478 843 580 880 libris
611 855 703 881 mss.
731 849 904 892 apparet,
935 845 1008 882 hac
1029 846 1148 882 forma
1174 849 1342 882 nostrum
1360 857 1469 883 usum

79 911 186 945 esse,
224 911 299 936 non
320 900 501 938 Catinens.
542 894 562 953 Η
602 900 840 947 Lacedaem.)
873 902 972 938 Libri
999 901 1241 938 Atheniensis.
1284 901 1469 949 Equidem

79 957 269 1003 suspicor,
292 956 604 1002 Lacedaemonius
624 961 776 1004 propter
800 957 1079 994 similitudinem
1107 957 1286 1005 praeced.
1307 959 1468 995 nominis

78 1013 280 1058 excidisse,
301 1017 377 1049 tum
400 1024 423 1048 a
442 1013 604 1050 librariis
624 1013 847 1050 inculcatum
863 1025 950 1050 esse
967 1015 1208 1052 Atheniensis,

191 1069 281 1117 Cap.
302 1069 382 1105 VII.
403 1072 437 1107 4.
466 1069 604 1117 Cyrus)
631 1069 810 1106 audacter
838 1071 983 1107 restitui
1009 1082 1078 1118 pro
1106 1070 1342 1108 Alexander.-
1370 1080 1468 1107 nm-

76 1135 188 1171 quam
207 1125 297 1162 mihi
317 1126 513 1173 quisquam
532 1125 793 1173 persuadebit,
819 1127 1034 1163 Frontinum
1051 1127 1116 1163 tali
1134 1127 1173 1162 in
1193 1137 1232 1162 re
1253 1137 1378 1162 errare
1396 1137 1467 1173 po-

76 1182 206 1218 tuisse.
254 1182 423 1229 Sequens
446 1183 656 1229 exemplum
677 1193 752 1218 non
768 1186 826 1219 est
844 1183 872 1219 F
875 1184 1022 1227 fontini,
1044 1182 1113 1219 sed
1127 1182 1332 1230 ignorantis
1356 1182 1467 1219 libra-

76 1238 135 1273 rii.
155 1231 173 1290 Η
194 1241 228 1277 6.
251 1238 401 1286 resectis
421 1238 529 1284 tubis)
571 1239 625 1274 Ita
646 1238 733 1274 edd.
754 1238 917 1275 Italicae.
959 1239 1077 1275 Varia
1094 1238 1271 1275 librorum
1286 1243 1465 1276 monstra.

75 1294 188 1341 Vulg.
203 1294 358 1341 adfectis
371 1295 439 1331 siti.
462 1288 481 1346 Η
500 1294 720 1340 deficientes)
741 1294 794 1330 Ita
809 1294 1000 1331 Rubenius
1017 1294 1243 1332 emendavit.
1263 1295 1464 1344 Polyaen.:

76 1345 305 1394 ἐκλυθέντες
324 1345 483 1386 ἕκεῖντο.
524 1350 623 1386 Libri
646 1350 795 1396 plurimi
812 1351 1009 1398 decipienti.

189 1404 276 1453 Cap.
298 1406 394 1442 VIII.
415 1410 451 1443 2.
471 1405 703 1453 defecerunt)
724 1418 778 1443 sc.
801 1407 939 1443 animo.
960 1401 980 1460 ss
998 1408 1037 1443 in
1050 1410 1164 1455 parte
1179 1407 1272 1452 iam)
1297 1406 1376 1443 An:
1397 1407 1463 1444 im-

71 1472 188 1509 pares
209 1466 243 1499 et
258 1463 358 1499 iam?
391 1456 409 1515 Η
443 1465 480 1501 3.
501 1463 584 1508 eas)
613 1474 666 1500 sc.
689 1463 823 1499 malos.
862 1463 986 1500 Antea
1005 1474 1079 1500 eos.
1114 1457 1134 1516 ss
1173 1463 1241 1501 Ubi
1264 1464 1368 1509 vero)
1411 1463 1465 1499 Ita

75 1519 242 1555 Petrens.
280 1519 425 1566 Vulgo:
449 1518 541 1555 Tum
555 1539 613 1545 —
627 1519 826 1567 adgressus
845 1523 917 1563 est,
946 1520 1010 1557 ubi
1034 1523 1113 1557 orto
1133 1521 1207 1557 iam
1223 1520 1299 1559 sole
1323 1538 1381 1546 —-
1401 1527 1464 1555 re-

70 1574 271 1622 fulserunt.
312 1575 497 1622 Oppidani
521 1579 669 1622 captam
689 1580 760 1612 etc.

187 1630 280 1679 Cap.
302 1632 365 1668 IX.
389 1636 424 1669 2.
465 1632 558 1668 elato
587 1633 708 1680 siquo,
736 1632 896 1680 effracta
917 1635 1033 1680 porta
1061 1631 1215 1679 inqres.)
1256 1630 1310 1667 Ita
1337 1640 1464 1667 emen-

75 1686 163 1723 davi
184 1699 231 1723 ex
251 1688 369 1733 Livio,
389 1688 523 1735 partim
545 1687 639 1724 duee
662 1687 758 1725 Oud.
796 1689 940 1736 Vulgo:
961 1689 1045 1725 dato
1063 1689 1176 1735 siquo,
1195 1686 1243 1723 ab
1261 1687 1338 1723 alia
1349 1690 1464 1733 parte

73 1744 219 1791 adqres.
254 1738 272 1795 Η
308 1747 343 1782 3.
372 1749 531 1781 ceterum
559 1749 697 1780 natura
730 1748 766 1781 et
790 1749 871 1781 arte
898 1756 965 1792 pr.
998 1745 1111 1790 erat.)
1159 1743 1214 1780 Ita
1247 1741 1461 1779 emendavi.

74 1799 224 1836 Sallust.
254 1801 335 1847 lug.
361 1802 426 1838 92:
447 1804 595 1845 natura,
613 1801 711 1838 velut
725 1811 837 1847 opere
856 1804 890 1837 et
907 1802 1067 1838 consulto
1081 1809 1279 1848 praeceps.
1317 1799 1462 1846 Vulgo:

73 1859 194 1892 cetera
208 1860 322 1902 parte
341 1858 435 1893 velut
452 1856 611 1893 consulto
626 1859 826 1904 praecipiti
832 1874 842 1893 .·
870 1857 908 1894 in
930 1858 1063 1904 quibus
1082 1857 1181 1894 vetut
1199 1855 1363 1893 consulto
1382 1865 1462 1891 ma-

73 1922 162 1948 num
196 1911 402 1958 insipientis
423 1912 562 1949 librarii
594 1912 737 1960 prodit,
772 1923 847 1949 non
883 1913 1177 1957 considerantis,
1213 1912 1252 1948 in
1287 1910 1462 1949 Sallustio

71 1967 303 2016 praecedere
325 1968 538 2015 graviorem
567 1979 702 2005 vocem
721 1979 842 2016 opere.
862 1963 880 2022 Η
900 1970 1009 2007 veloc.
1030 1969 1196 2006 militibus
1210 1967 1344 2015 pares)
1363 1966 1459 2002 Ante

74 2035 134 2061 me
155 2023 354 2061 edebatur:
376 2034 466 2075 cum.
477 2025 706 2061 velocissimis
734 2026 899 2062 militibus
928 2030 1156 2062 aeneatores.
1201 2021 1460 2070 comparanda

75 2085 133 2117 est
160 2081 253 2117 ratio
283 2081 508 2116 narrationis
539 2079 800 2118 Sallustianae.
835 2076 853 2133 Η
881 2082 1048 2129 facilior)
1075 2092 1130 2118 sc.
1157 2081 1278 2116 nisus.
1326 2078 1461 2114 Nonne

71 2137 223 2184 facilius
243 2134 509 2174 scribendum?
528 2147 576 2172 ex
596 2136 790 2182 Sallustio,
813 2149 922 2184 quem
943 2142 1070 2174 noster
1089 2136 1150 2173 hic
1179 2135 1226 2172 de
1253 2135 1368 2170 verbo
1395 2145 1460 2170 ex-

75 2194 233 2241 scripsit.
252 2187 270 2246 l}
289 2196 323 2232 4.
342 2193 530 2241 fecerunt)
550 2192 604 2228 Ita
624 2194 791 2232 Petrens.
813 2192 855 2230 ‘et
877 2194 950 2230 duo
968 2194 1089 2241 Regii,
1109 2202 1184 2228 non
1210 2189 1392 2239 facerent,
1422 2184 1442 2242 Η

75 2252 109 2288 6.
130 2250 197 2286 sed
212 2260 262 2287 ex
286 2250 375 2296 div.)
409 2249 525 2285 Inl'ra:
565 2248 636 2292 Qui
658 2250 749 2295 suff.
781 2254 834 2286 et:
863 2251 920 2286 ille
947 2261 1034 2298 qua.
1067 2247 1198 2285 Omnia
1218 2257 1265 2283 ex
1289 2246 1457 2284 Petrens.

75 2306 213 2343 Antea:
234 2310 269 2344 et
286 2307 419 2343 divers.
439 2306 612 2341 —iussit.
664 2304 850 2352 Sufficere
864 2326 921 2333 —
929 2307 1118 2354 poterant.
1152 2303 1214 2340 Ad
1230 2303 1269 2340 id
1286 2303 1382 2340 latus
1402 2322 1457 2328 —-
