1566 2496
152 132 204 170 74
592 143 693 176 SEX.
724 145 841 176 IULII
870 146 1076 179 FRONTIN
1078 148 1095 178 Ι

150 245 444 296 exciperentur:
477 246 614 297 quibus
635 260 719 287 cum
745 248 900 288 obiecta
927 262 999 301 per
1028 250 1192 290 medium
1220 263 1368 291 amnem
1393 259 1529 293 catena

146 300 336 340 Hannibal
357 301 594 354 obstitisset,
625 316 747 343 nuces
769 318 973 357 sparsere:
1004 318 1103 358 quae
1124 319 1238 359 quum
1257 320 1357 360 aqua
1376 308 1527 349 ferente

147 357 195 396 ad
227 357 410 409 oppidum
440 358 679 411 defluerent,
710 372 757 400 eo
792 369 1006 402 commeatu
1036 363 1231 403 sociorum
1254 366 1528 405 necessitatem

148 419 472 454 sustentaverunt.

261 470 300 510 3.
348 470 489 510 Hirtius
510 470 787 512 Mutinensibus
809 474 983 514 obsessis
1011 475 1060 515 ab
1082 475 1250 515 Antonio
1271 477 1415 527 salem,
1449 490 1526 530 quo

147 527 311 565 maxime
339 527 583 579 indigebant,
622 531 732 581 cupis
773 531 966 570 conditum
1004 544 1076 584 per
1103 544 1251 572 amnem
1282 533 1527 573 Scultennam

147 583 364 623 intromisit.

259 639 298 677 4.
359 639 464 679 Idem
501 653 647 692 pecora
686 643 857 682 secunda
883 655 981 694 aqua
1009 644 1184 694 demisit,
1227 657 1325 697 quae
1358 649 1526 698 excepta

147 702 457 736 sustentaverunt
481 699 790 738 necessariorum
819 700 998 751 inopiam.

672 809 868 850 CAPUT
907 810 999 850 XV.

146 896 515 934 QUEMADMODUM
543 897 840 942 EFFICIATUR,
866 899 925 929 UT
955 899 1208 931 ABUNDARE
1240 899 1523 942 VIDEANTUR,

641 954 763 993 QUAE
796 955 1030 987 DEERUNT.

263 1035 297 1072 1.
354 1034 535 1085 Romani,
571 1047 656 1074 cum
695 1047 715 1074 a
755 1034 876 1075 Gallis
914 1035 1146 1090 Capitolium
1184 1037 1450 1088 obsideretur,
1487 1038 1526 1076 in

148 1097 321 1130 extrema
359 1092 434 1130 iam
467 1091 568 1130 fame
605 1103 743 1143 panem
777 1093 815 1131 in
845 1094 994 1133 hostem
1021 1094 1277 1139 iactaverunt;
1308 1095 1525 1133 consecuti-

146 1160 243 1199 que,
284 1153 324 1186 ut
359 1147 554 1187 abundare
594 1148 843 1200 viderentur,
878 1150 1141 1200 obsidionem,
1179 1150 1306 1189 donec
1341 1149 1524 1189 Camillus

144 1204 395 1253 subveniret,
427 1204 705 1244 toleraverunt.
905 1239 907 1242 .

259 1259 297 1302 2.
342 1260 602 1300 Athenienses
648 1261 835 1300 adversus
875 1260 1202 1302 Lacedaemonios
1240 1262 1340 1302 idem
1380 1262 1524 1301 fecisse

145 1317 332 1356 dicuntur.
354 1364 356 1367 ι

259 1372 298 1412 3.
355 1372 424 1421 Hi,
456 1373 519 1423 qui
549 1372 596 1411 ab
628 1372 840 1412 Hannibale
871 1371 1028 1411 Casilini
1057 1373 1354 1426 obsidebantur,
1378 1374 1426 1414 ad
1456 1387 1523 1414 ex-

145 1436 304 1468 tremam
331 1428 469 1467 famem
495 1430 723 1479 pervenisse
752 1429 909 1478 crediti,
938 1441 1022 1468 cum
1054 1431 1166 1469 etiam
1195 1430 1338 1470 herbas
1367 1431 1522 1470 alimen-

145 1486 193 1524 tis
225 1496 358 1524 eorum
395 1483 606 1534 Hannibal,
647 1491 755 1524 arato
783 1485 873 1524 loco
909 1485 972 1537 qui
1012 1492 1095 1525 erat
1122 1487 1223 1525 inter
1250 1493 1376 1526 castra
1402 1488 1523 1539 ipsius

146 1547 185 1580 et
212 1541 384 1589 moenia,
420 1541 684 1592 praeriperet,
724 1542 868 1581 semina
903 1542 941 1580 in
970 1548 1240 1594 praeparatum
1270 1543 1397 1582 locum
1419 1544 1523 1582 iece-

146 1603 253 1647 runt,
287 1597 508 1646 consecuti,
539 1603 579 1635 ut
608 1597 754 1636 hahere
782 1597 1025 1649 viderentur,
1060 1610 1136 1650 quo
1163 1600 1304 1638 victum
1335 1605 1523 1639 sustenta-

145 1660 231 1693 rent
255 1666 379 1706 usque
407 1653 455 1692 ad
478 1659 644 1692 satorum
676 1660 915 1705 proventum.

257 1712 295 1750 4.
354 1709 509 1761 Reliqui
550 1722 599 1748 ex
628 1710 793 1750 Variana
832 1711 943 1750 clade
981 1722 1064 1749 cum
1104 1709 1393 1760 obsiderentur,
1436 1711 1524 1762 quia

148 1767 261 1805 defici
283 1767 472 1805 frumento
499 1765 726 1805 videbantur
741 1797 751 1816 ,
783 1767 924 1806 horrea
953 1773 1032 1805 tota
1053 1773 1168 1806 nocte
1190 1767 1524 1806 circumduxerunt

148 1823 345 1874 captivos,
377 1822 516 1861 deinde
542 1824 731 1873 praecisis
760 1823 931 1862 manibus
954 1823 1188 1862 dimiserunt.
1247 1822 1294 1862 Hi
1317 1824 1522 1862 circumse-

145 1879 322 1917 dentibus
362 1879 441 1917 suis
479 1885 776 1929 persuaserunt,
809 1892 858 1918 ne
891 1891 999 1931 spem
1028 1885 1198 1918 maturae
1229 1879 1522 1930 expugnationis

146 1941 383 1985 reponerent
420 1935 458 1972 in
486 1934 585 1972 fame
617 1934 895 1986 Romanorum,
927 1934 1064 1987 quibus
1094 1936 1230 1986 ingens
1260 1935 1523 1974 alimentorum

146 1991 260 2042 copia
287 1996 523 2042 superesset.

260 2047 298 2084 5.
360 2046 531 2086 Thraces
562 2046 597 2084 in
628 2048 747 2086 arduo
778 2053 907 2086 monte
939 2046 1107 2096 obsessi,
1138 2047 1175 2085 in
1203 2059 1316 2099 quem
1345 2044 1521 2084 hostibus

146 2103 356 2142 adscensus
388 2113 464 2140 non
498 2108 603 2151 erat,
645 2104 798 2143 conlato
833 2104 968 2142 viritim
999 2103 1141 2153 exiguo
1167 2104 1312 2151 tritico,
1351 2111 1446 2139 oves
1472 2112 1520 2140 eo

148 2164 336 2211 paverunt
366 2164 404 2197 et
434 2159 471 2196 in
499 2158 663 2197 hostium
685 2160 914 2212 impulerunt
934 2159 1146 2211 praesidia:
1179 2157 1315 2210 quibus
1343 2157 1520 2208 exceptis

149 2221 188 2254 et
218 2215 381 2264 occisis,
421 2225 505 2253 cum
537 2214 714 2254 frumenti
750 2217 913 2266 vestigia
944 2216 980 2253 in
1009 2214 1222 2253 visceribus
1246 2224 1375 2251 earum
1405 2213 1521 2264 adpa-

146 2272 335 2320 ruissent,
370 2271 545 2322 opinatus
578 2270 701 2309 hostis
740 2284 914 2322 magnam
948 2272 1023 2309 vim
1055 2269 1169 2308 tritici
1204 2280 1415 2320 superesse
1445 2270 1516 2318 eis,

146 2329 211 2379 qui
242 2327 328 2367 inde
359 2328 471 2366 etiam
502 2338 646 2378 pecora
674 2333 903 2378 pascerent,
934 2327 1099 2365 recessit
1122 2324 1168 2364 ab
1195 2325 1409 2364 obsidione.
