1566 2496
194 162 258 192 DE
287 162 442 201 AQUAE
470 161 700 194 msc‘rnms
729 163 863 194 muns
894 163 1054 195 ROMAE
1085 164 1237 195 LIBER.
1331 157 1408 197 129

24 265 194 317 exempli
225 277 340 304 causa
364 266 570 316 attingere.
630 266 851 317 Ampliores
880 267 1064 318 quosdam
1096 268 1263 318 calices,
1296 276 1406 320 quam

22 322 215 374 impetrati
253 327 384 371 erant,
424 322 574 373 positos
604 323 640 360 in
668 322 865 374 plerisque
897 323 1070 362 castellis
1099 325 1247 373 inveni,
1289 331 1327 363 et
1356 337 1407 365 ex

21 379 69 417 iis
115 378 267 430 aliquos
307 390 356 416 ne
395 379 567 428 signatos
606 379 770 430 quidem.
840 378 1026 428 Quotiens
1064 386 1189 419 autem
1233 382 1404 431 signatus

21 433 124 474 calix
155 434 312 474 excedit
342 434 550 485 legitimam
578 447 813 484 mensuram,
843 435 998 474 ambitio
1022 438 1308 487 procuratoris,
1341 438 1404 489 qui

21 502 108 530 eum
145 491 331 541 signavit,
368 491 583 541 detegitur:
624 503 707 530 cum
741 503 835 530 vero
865 504 913 530 ne
945 493 1115 542 signatus
1147 493 1299 544 quidem
1327 500 1402 544 est,

0 546 220 596 ,manifesta
250 547 363 599 culpa
393 548 578 596 omnium,
614 548 776 586 maxime
805 548 1053 599 accipientis,
1084 548 1401 600 deprehenditur,

19 603 158 643 deinde
184 603 302 642 vilici.
360 603 402 642 In
425 603 672 654 quibusdam,
705 616 787 642 cum
813 603 959 643 calices
981 604 1175 654 legitimae
1199 617 1401 645 mensurae

18 660 158 710 signati
187 666 338 709 essent,
366 662 492 698 statim
520 659 718 711 amplioris
743 660 886 699 moduli
915 660 1064 699 fistulae
1093 660 1292 700 subiectae
1318 662 1400 700 fue·

18 721 127 754 runt:
166 715 266 754 unde
304 716 522 763 acciderat,
562 721 601 753 ut
636 727 755 766 aqua,
794 727 868 755 non
902 728 971 767 per
997 715 1206 766 legitimum
1237 719 1401 769 spatium
1450 729 1454 734 ·

20 773 212 819 coercita,
244 771 313 810 sed
345 783 417 822 per
442 772 584 810 breves
612 773 807 822 angustias
832 783 1042 822 expressa,
1073 773 1189 812 facile
1212 773 1399 812 laxiorem

18 829 56 865 in
82 828 256 877 proximo
285 827 450 867 fistulam
479 827 669 877 impleret.
729 827 900 877 Ideoque
929 828 1020 866 illud
1043 828 1186 878 adhuc,
1219 831 1397 880 quotiens

0 883 188 934 signatur
218 883 343 932 calix,
376 883 597 934 diligentiae
628 883 866 921 adiciendum
893 889 976 931 est,
1008 889 1047 921 ut
1067 884 1215 923 fistulae
1240 897 1396 937 quoque

0 939 215 991 pros-ae
242 951 313 991 per
342 941 525 991 spatium,
557 939 659 990 quod
687 944 842 976 senatus
871 939 1046 977 consulto
1074 941 1396 991 comprehensum

0 995 197 1058 diximus,
238 997 447 1046 signentur.
507 995 563 1034 Ita
601 996 748 1034 demum
788 995 886 1032 enim
923 995 1082 1044 vilicus,
1124 1008 1207 1034 cum
1247 998 1393 1048 scierit,

6 1063 90 1091 non
115 1052 228 1091 aliter
256 1065 368 1104 quam
395 1053 569 1103 signatos
601 1050 797 1090 conlocari
823 1050 992 1101 debere,
1023 1051 1124 1090 omni
1156 1052 1303 1092 carebit
1327 1066 1392 1092 ex-

0 1110 226 1157 cusatione.

0 1147 14 1227 *p
110 1165 221 1206 113.
283 1164 395 1204 Circa
426 1163 686 1203 conlocandos
711 1174 865 1214 quoque
888 1162 1031 1201 calices
1054 1162 1255 1202 observari
1276 1176 1391 1216 opor-

0 1226 92 1270 εὔει,
125 1228 166 1260 ut
194 1221 241 1260 ad
267 1222 405 1260 lineam
436 1220 675 1267 ordinentur,
709 1231 781 1258 nec
807 1219 964 1257 alterius
990 1219 1151 1257 inferior
1181 1220 1304 1270 calix,
1337 1221 1390 1259 al-

0 1278 132 1318 sterius
159 1273 540 1328 superior'ponatur.
599 1274 763 1313 Inferior
794 1275 880 1326 plus
908 1275 1040 1318 trahit;
1074 1276 1274 1326 superior,
1303 1278 1389 1327 quia

0 1318 148 1380 fleur-sus
173 1345 296 1385 aquae
321 1333 368 1372 ab
394 1331 577 1370 inferiore
598 1332 763 1381 rapitur,
791 1331 913 1369 minus
937 1331 1054 1369 ducit.
1087 1331 1128 1369 In
1152 1333 1388 1383 quorundam

0 1388 148 1428 vfistulis
176 1402 224 1428 ne
256 1390 398 1428 calices
432 1387 585 1439 quidem
616 1387 732 1437 positi
762 1387 886 1425 fuere.
946 1386 1027 1426 Hae
1055 1387 1206 1426 fistulae
1237 1389 1388 1428 solutae

6 1450 216 1493 vocantur,
248 1451 307 1492 et,
343 1449 382 1482 ut
411 1444 568 1494 aquario
596 1442 724 1492 libuit,
757 1443 933 1482 laxantur
960 1443 1024 1481 vel
1056 1449 1287 1483 coartantur.

126 1502 215 1540 114.
274 1500 411 1538 Adhuc
459 1499 526 1538 illa
577 1500 818 1550 aquariorum
861 1498 1115 1538 intolerabilis
1156 1499 1261 1539 fraus
1304 1508 1384 1540 est:

0 1557 188 1596 'translata
208 1557 244 1594 in
265 1567 403 1594 novum
423 1566 693 1607 possessorem
714 1567 832 1606 aqua,
863 1554 1037 1593 foramen
1058 1566 1195 1593 novum
1221 1557 1383 1595 castello

4 1613 221 1664 ἱπιροιιιιιιῑς
262 1617 373 1650 vetus
405 1612 643 1662 relinquunt,
682 1616 758 1661 quo
793 1610 969 1648 venalem
1001 1611 1203 1649 extrahunt
1234 1624 1382 1662 aquam.

4 1668 50 1708 In
71 1667 203 1718 primis
228 1678 323 1716 ergo
347 1666 423 1705 hoc
453 1678 607 1717 quoque
639 1665 912 1704 emendandum
941 1667 1107 1705 curatori
1132 1667 1381 1711 crediderim;

8 1733 84 1760 non
121 1722 219 1760 enim
252 1722 374 1760 solum
402 1722 451 1760 ad
485 1722 650 1772 ipsarum
681 1732 861 1772 aquarum
896 1722 1129 1771 custodiam,
1170 1723 1239 1762 sed
1270 1725 1381 1763 etiam

6 1777 55 1816 ad
93 1776 243 1815 castelli
282 1777 439 1815 tutelam
475 1779 663 1828 pertinet,
706 1777 832 1828 quod,
875 1777 1036 1817 subinde
1076 1785 1114 1817 et
1152 1779 1235 1818 sine
1266 1791 1381 1819 causa

1 1833 188 1881 foratum,
216 1833 381 1871 vitiatur.

121 1889 211 1927 115.
271 1887 394 1927 Etiam
422 1887 488 1926 ille
516 1889 757 1939 aquariorum
777 1887 970 1928 tollendus
991 1895 1050 1928 est
1071 1889 1236 1939 reditus,
1266 1903 1378 1943 quem

2 1950 144 1984 vocant
161 1950 313 1995 puncta.
355 1944 486 1994 Longa
505 1955 551 1983 ac
571 1944 722 1982 diversa
745 1949 828 1992 sunt
847 1945 993 1996 spatia,
1020 1958 1092 1997 per
1108 1957 1207 2010 quae
1228 1946 1378 1986 fistulae

2 2005 84 2045 tota
110 2006 235 2039 meant
258 1999 376 2049 urbe,
415 2000 580 2039 latentes
609 1999 679 2038 sub
705 1999 829 2038 silice.
886 2000 964 2039 Has
986 2003 1158 2053 comperi
1185 2014 1257 2054 per
1277 2015 1376 2049 eum,

0 2057 68 2112 qni
93 2056 361 2107 adpellabatur
389 2069 410 2094 a
437 2056 608 2106 punctis,
639 2056 782 2106 passim
812 2057 1107 2096 convulneratas
1138 2058 1310 2096 omnibus
1342 2061 1382 2096 in

0 2113 159 2151 transitu
187 2111 511 2163 negotiationibus
536 2110 760 2162 praebuisse
781 2111 1039 2163 peculiaribus
1061 2113 1198 2152 fistulis
1221 2126 1374 2165 aquam:

5 2177 81 2217 quo
117 2168 381 2217 efficiebatur,
422 2173 462 2206 ut
500 2167 663 2217 exiguus
696 2167 832 2206 modus
868 2168 916 2207 ad
951 2181 1043 2207 usus
1077 2169 1256 2221 publicos
1286 2181 1374 2220 per-

4 2223 188 2262 veniret(
222 2224 410 2272 Quantum
443 2235 492 2262 ex
526 2222 599 2262 hac
636 2223 901 2262 emendatione
935 2236 1057 2276 aquae
1087 2231 1279 2263 servatum
1311 2226 1373 2272 sit,

4 2277 173 2318 aestimo
182 2292 249 2330 ex
282 2291 354 2330 eo,
394 2279 495 2331 quod
533 2279 763 2330 aliquantum
794 2279 959 2331 plumbi,
996 2281 1156 2320 sublatis
1189 2255 1373 2319 eiusmodi

3 2334 118 2372 ramis
127 2363 156 2383 ,
149 2319 363 2375 '‘i-'eductum
393 2342 464 2376 est.

58 2413 213 2441 ΤιιοιιΤ.
246 2415 394 2442 ΒΤΒΑΤ.
1068 2401 1092 2439 9
