1566 2496
265 153 713 186 sm‘rnanm‘ncox
738 153 829 184 Lm.
860 153 890 185 1.
921 153 1020 184 CAP.
1051 143 1107 184 νζ
1339 146 1389 186 13

18 263 168 297 montes
201 256 387 309 abruptos
422 257 579 308 longum
613 263 653 296 et
688 263 888 308 angustum
912 258 986 296 iter
1012 258 1212 308 ingressus
1244 269 1389 310 paucas

18 315 182 354 duceret
204 313 389 353 cohortes
404 315 737 365 comperissetque
754 315 947 364 ingentem
966 325 1115 352 manum
1139 313 1305 353 hostium
1323 315 1389 354 ad-

17 375 199 422 ventare,
226 370 371 411 fossam
395 376 655 409 transversam
682 372 782 408 inter
817 376 968 408 montes
997 371 1142 421 pressit
1170 370 1389 422 vallumque

17 426 175 465 materia
202 427 436 476 exstructum
456 427 640 473 incendit,
667 432 782 478 atque
798 426 849 466 ita
874 426 1084 464 intercluso
1111 426 1224 465 hoste
1250 428 1386 466 evasit.

126 481 172 522 9-
196 480 242 521 G.
270 481 417 521 Caesar
434 482 541 521 bello
564 482 687 531 civili,
714 494 799 521 cum
822 482 1009 521 adversus
1031 482 1230 521 Afranium
1254 485 1389 535 copias

17 538 270 577 educeret'et
301 538 516 590 recipiendi
540 550 584 576 se
612 539 696 576 sine
723 538 899 590 periculo
921 538 1144 577 facultatem
1169 550 1246 578 nou
1269 539 1388 578 habe-

15 599 99 642 ret,
130 595 229 633 sicut
257 595 502 643 constiterat,
535 595 654 646 prima
685 600 723 633 et
760 595 930 633 secunda
954 595 1038 633 acie
1068 594 1195 634 furtim
1223 608 1245 635 a
1273 602 1386 647 tergo

15 649 64 688 ad
83 660 182 701 opus
208 650 423 702 adplicata,
444 650 659 701 quindecim
678 651 819 702 pedum
844 650 990 689 fossam
1014 650 1130 700 fecit,
1158 652 1255 691 iutra
1277 664 1389 704 quam

17 704 88 743 sub
111 716 291 745 occasum
319 706 413 745 solis
436 708 568 745 armati
597 718 642 745 se
671 707 814 746 milites
843 708 926 745 eius
956 713 1203 758 receperunt.

129 761 195 799 10.
226 761 398 800 Pericles
426 762 695 812 Atheniensis,
717 775 739 802 a
763 763 1057 814 Peloponnesiis
1081 764 1118 802 in
1145 776 1232 803 eum
1260 765 1387 804 locum

18 816 261 867 compulsus,
290 818 353 868 qui
381 817 548 868 undique
577 818 748 869 abruptis
778 820 925 858 cinctus
963 819 1059 858 duos
1090 825 1232 859 tantum
1262 823 1387 860 exitus

15 871 204 921 habebat,
236 872 284 911 ab
311 873 432 911 altera
459 879 569 923 parte
592 873 735 912 fossam
756 876 921 925 ingentis
949 875 1156 914 latitudinis
1186 877 1291 916 duxit
1318 891 1386 916 ve-

17 928 73 967 lut
101 928 222 966 bostis
243 924 481 967 'excludendi
510 941 649 978 causa,
676 929 725 968 ab
754 930 875 969 altera
903 930 1059 969 limitem
1088 943 1209 982 agere
1239 935 1386 985 coepit,

16 990 207 1035 tamquam
230 996 303 1035 per
331 997 417 1023 eum
451 991 668 1036 erupturus.
735 985 765 1024 Ii
803 987 866 1037 qui
902 986 1154 1036 obsidebant,
1195 1001 1279 1027 cum
1315 1002 1389 1041 per

15 1040 160 1079 fossam
186 1052 299 1092 quam
333 1042 420 1092 ipse
456 1041 606 1079 fecerat
641 1042 853 1080 exercitum
885 1041 1046 1081 Periclis
1076 1054 1153 1081 non
1182 1045 1388 1084 crederent

16 1107 241 1145 evasurum,
268 1097 438 1135 universi
468 1109 489 1135 a
519 1097 637 1135 limite
676 1097 919 1137 obstiterunt.
979 1098 1174 1148 Pericles,
1207 1101 1386 1152 pontibus

16 1163 115 1203 quos
141 1159 441 1204 praeparaverat
468 1153 600 1192 fossae
627 1154 800 1204 iniectis,
827 1165 940 1204 suos,
970 1166 1044 1206 qua
1073 1166 1148 1193 nou
1177 1157 1385 1196 resisteba·

15 1213 98 1258 tur,
122 1203 260 1247 emisit.

126 1263 191 1305 11.
219 1263 489 1314 Lysimachus,
529 1277 579 1304 ex
610 1265 669 1304 his
699 1278 795 1304 unus
836 1267 874 1304 in
912 1278 1010 1318 quos
1050 1279 1147 1319 opes
1174 1268 1386 1308 Alexandri

13 1319 264 1369 transierunt,
296 1333 381 1360 cum
400 1321 541 1360 editum
568 1321 709 1360 collem
729 1323 866 1360 castris
889 1323 1142 1372 destinasset,
1166 1326 1384 1376 impruden-

12 1375 70 1414 tia
90 1381 216 1414 autem
242 1387 397 1416 suorum
423 1378 461 1415 iu
488 1377 710 1416 inferiorem
748 1378 934 1417 deductus
965 1386 1167 1419 vereretur
1196 1393 1246 1420 ex
1267 1394 1383 1433 supe-

10 1431 115 1469 riore
142 1431 308 1471 hostium
332 1434 544 1482 incursum,
570 1433 745 1485 triplices
774 1434 902 1473 fossas
925 1435 1021 1474 intra
1046 1437 1188 1475 vallum
1217 1438 1382 1477 obiecit:

12 1486 152 1526 deiude
188 1487 445 1527 subsimilibus
482 1489 600 1528 fossis
643 1491 746 1529 circa
789 1492 913 1529 omnia
949 1493 1113 1532 tentoria
1148 1493 1272 1532 ductis
1303 1501 1384 1534 tota

14 1547 140 1582 castra
168 1543 341 1583 confodit
367 1551 427 1594 et,
461 1546 677 1596 intersepto
714 1546 878 1584 hostium
907 1546 1031 1595 aditu,
1063 1548 1174 1587 simul
1201 1549 1315 1589 humo
1346 1558 1385 1589 et

12 1596 234 1648 frondibus,
268 1611 363 1651 quas
390 1600 509 1639 fossis
545 1602 837 1652 superiecerat,
866 1601 969 1640 facto
1000 1610 1140 1655 ponte,
1170 1606 1312 1657 impetu
1347 1608 1384 1645 iu

14 1653 216 1703 superiora
245 1657 380 1694 evasit.

127 1707 190 1746 12.
221 1709 265 1751 T.
281 1709 463 1749 Fonteius
492 1711 644 1762 legatus
674 1713 710 1750 in
739 1712 942 1764 Hispania,
969 1725 1055 1753 cum
1078 1714 1201 1754 tribus
1229 1717 1381 1757 milibus

13 1762 204 1802 hominum
232 1766 454 1815 praedatum
491 1767 690 1818 profectus
728 1768 896 1820 locoque
933 1770 1063 1822 iniquo
1100 1772 1383 1813 circumventus

13 1817 62 1856 ab
91 1817 350 1871 Hasdrubale,
375 1822 421 1860 ad
443 1824 585 1873 primos
613 1829 755 1862 tantum
784 1825 938 1864 ordines
967 1827 1092 1865 relato
1117 1829 1303 1879 consilio,
1327 1831 1382 1869 iu-

0 1874 182 1925 gcipieute
232 1882 371 1925 nocte,
411 1889 487 1928 quo
531 1884 706 1930 tempore
743 1881 893 1919 minime
939 1883 1261 1935 exspectabatur,
1311 1899 1384 1938 pen·

12 1931 200 1969 stationes
223 1931 386 1970 hostium
415 1935 601 1985 prorupit.

126 1985 190 2025 13.
225 1986 267 2025 L.
291 1986 450 2037 Furius,
474 1990 648 2028 exercitu
669 1991 858 2042 producto
881 1993 919 2031 in
941 1993 1279 2047 locum‘iuiquum,
1297 2010 1382 2037 cum

13 2043 275 2082 constituisset
311 2044 510 2083 occultare
539 2045 837 2087 sollicitudinem
862 2061 990 2098 suam,
1020 2062 1070 2088 ne
1098 2052 1238 2104 reliqui
1263 2056 1381 2105 trepi-

11 2095 167 2147 darent,
187 2099 382 2150 paullatim
404 2100 562 2139 inflectit
575 2101 667 2151 iter,
684 2108 872 2154 tamquam
889 2106 1049 2144 circuitu
1064 2108 1208 2147 maiore
1230 2109 1381 2148 hostem

11 2151 287 2203 adgressurus:
319 2167 590 2207 conversoque
620 2159 793 2208 agmine,
822 2160 996 2210 ignarum
1024 2163 1081 2201 rei
1111 2175 1211 2214 quae
1238 2165 1380 2214 ageba·

10 2213 73 2246 tur
97 2211 306 2249 exercitum
332 2212 562 2251 incolumem
588 2213 751 2252 reduxit.

2 2270 7 2273 '
124 2264 187 2303 14.
214 2265 255 2304 Ρ.
281 2266 450 2315 Decius,
475 2267 646 2307 tribunus
672 2268 778 2308 bello
794 2271 1021 2322 Samnitico,
1044 2271 1227 2312 Cornelio
1253 2274 1379 2314 Cosso

0 2276 159 2496 pausuli
185 2322 321 2372 iniquis
346 2323 445 2362 locis
468 2324 714 2376 deprehenso
745 2326 794 2365 ab
818 2327 995 2367 hostibus
1027 2330 1170 2378 suasit,
1201 2335 1242 2368 ut
1262 2342 1377 2370 occu-
