1566 2496
129 108 179 148 18
568 117 668 148 SEX.
700 117 815 148 1UL11
845 116 1071 150 FRONTIM

645 219 674 260 C
685 220 719 260 A
730 220 759 260 Ρ
769 220 802 260 U
814 221 843 260 T
875 221 910 260 V
920 220 1000 260 111.

452 309 516 339 DE
544 280 910 340 DISTRINGENbIS
946 307 1189 340 Hos'rnws.

245 390 280 429 1.
341 387 596 439 Coriolanus,
629 401 715 428 cum
744 390 988 441 ignominiam
1007 389 1259 430 damnationis
1289 402 1383 437 suae
1402 390 1514 431 bello
1561 404 1566 420 ·

125 445 396 496 ulcisceretur,
415 446 707 497 populationem
721 447 968 498 patriciorum
982 458 1162 497 agrorum
1177 446 1351 497 inhibuit,
1364 447 1511 486 deustis

126 502 367 554 vastatisque
395 501 654 554 plebeiorum,
679 508 719 541 ut
735 502 968 542 discordiam
990 509 1181 553 moveret,
1205 515 1279 556 qua
1295 515 1510 543 consensus

124 558 385 599 Romanorum
410 558 718 609 distringeretur.

241 614 280 653 2.
338 614 532 654 Hannibal
557 615 741 664 Fabium,
774 615 835 654 cui
870 627 998 667 neque
1027 616 1168 654 virtute
1206 627 1334 667 neque
1366 614 1511 654 artibus
1542 652 1546 655 s

127 671 297 710 bellandi
325 683 396 722 par
426 677 530 721 erat,
556 677 595 710 ut
611 671 762 711 infamia
779 671 1060 722 destringeret,
1086 672 1190 722 agris
1213 672 1296 710 eius
1317 670 1513 720 abstinuit,

130 733 287 767 ceteros
313 728 534 779 populatus.
597 726 740 766 Contra
767 727 856 778 ille,
881 740 930 767 ne
955 733 1138 779 suspecta
1157 727 1308 766 civibus
1327 727 1426 766 fides
1450 739 1511 766 es-

129 790 213 833 set,
246 784 503 834 magnitudine
529 784 639 822 animi
666 783 818 834 effecit,
851 784 1057 836 publicatis
1082 783 1398 835 possessionibus
1419 783 1511 822 suis.

243 840 281 880 3.
341 839 482 879 Fabius
503 839 690 879 Maximus
708 841 837 891 quinto
859 840 995 879 consul
1013 852 1098 879 cum
1114 839 1331 891 Gallorum,
1350 838 1513 879 Umbro·
1558 855 1559 858 ¹

129 909 234 946 rum,
266 890 518 936 Etruscorum
547 897 849 948 Samnitiumque
879 897 1065 936 adversus
1098 896 1282 948 populum
1304 894 1514 936 Romanum

131 953 329 991 exercitus
361 954 554 1002 coissent,
593 958 726 992 contra
755 964 853 1004 quos
883 959 921 991 et
957 953 1044 1004 ipse
1073 958 1180 991 trans
1209 951 1449 1004 Apenninum
1477 953 1515 990 in

131 1009 329 1049 Sentinate
353 1015 478 1048 castra
503 1008 804 1059 communiebat,
830 1010 986 1060 scripsit
1003 1008 1140 1048 Fulvio
1158 1014 1196 1048 et
1211 1008 1428 1058 Postumio,
1451 1008 1515 1059 qui

130 1065 328 1118 praesidio
352 1065 438 1104 urbi
461 1071 590 1114 erant,
613 1066 748 1116 copias
772 1066 819 1105 ad
843 1065 1009 1104 Asisium
1023 1070 1242 1104 moverent.
1283 1064 1430 1113 Quibus
1450 1063 1515 1103 ad·

134 1122 302 1172 secutis,
335 1122 382 1161 ad
413 1133 481 1160 sua
512 1121 755 1161 defendenda
787 1121 941 1160 Etrusci
969 1121 1180 1172 Umbrique
1210 1120 1513 1160 descenderunt:

131 1178 293 1217 relictos
318 1179 508 1218 Samnites
535 1177 746 1229 Gallosque
767 1177 909 1217 Fabius
939 1183 976 1216 et
998 1177 1153 1228 collega
1171 1175 1317 1215 Decius
1338 1177 1515 1226 adgressi

132 1236 322 1274 vicerunt.

246 1291 285 1329 4.
346 1289 412 1329 Μ’.
447 1289 584 1329 Curius
622 1290 809 1328 adversus
840 1289 1027 1339 Sabinos,
1066 1289 1131 1340 qui
1158 1289 1304 1339 ingenti
1340 1289 1516 1328 exercitu

136 1347 360 1397 conscripto
390 1346 539 1385 relictis
564 1345 702 1384 finibus
730 1346 810 1384 suis
830 1352 986 1385 nostros
1012 1350 1321 1397 occupaverant,
1350 1344 1516 1384 occultis

133 1401 334 1441 itineribus
353 1414 502 1441 manum
523 1403 644 1452 misit,
675 1413 774 1452 quae
802 1401 1004 1441 desolatos
1034 1413 1151 1452 agros
1174 1412 1307 1440 eorum
1326 1399 1516 1452 vicosque

135 1471 208 1510 per
234 1458 389 1498 diversa
416 1458 597 1497 incendit.
659 1457 789 1496 Sabini
818 1457 866 1496 ad
894 1457 1100 1497 arcendam
1131 1458 1382 1497 domesticam
1400 1457 1517 1496 vasti·

133 1521 251 1553 tatem
284 1520 554 1553 recesserunt:
601 1513 717 1553 Curio
755 1514 942 1564 contigit,
980 1520 1019 1553 et
1053 1525 1201 1552 vacuos
1229 1513 1414 1552 infestare
1447 1512 1516 1557 bo-

136 1572 247 1609 stium
274 1571 392 1620 lines,
427 1577 465 1610 et
499 1571 713 1610 exercitum
753 1571 834 1608 sine
859 1570 1011 1622 proelio
1047 1576 1226 1621 avertere
1263 1580 1519 1622 sparsumque

139 1627 323 1666 caedere.
586 1658 591 1659 ν

253 1684 292 1722 5.
354 1683 395 1723 Τ.
413 1683 547 1722 Didius
579 1683 771 1734 paucitate
797 1694 951 1722 suorum
981 1681 1177 1731 diffidens,
1210 1681 1355 1720 cumin
1377 1679 1519 1719 adven·

138 1745 215 1778 tum
247 1752 377 1779 earum
408 1740 626 1790 legionum,
661 1752 757 1791 quas
791 1738 1068 1791 exspectabat,
1107 1737 1280 1778 traheret
1308 1736 1452 1777 bellum
1482 1741 1522 1775 et

139 1808 351 1834 occurrere
382 1797 438 1834 eis
463 1796 615 1834 hostem
647 1796 928 1847 comperisset,
965 1795 1155 1834 concione
1186 1794 1375 1833 advocata
1399 1792 1523 1844 aptari

138 1853 249 1890 iussit
273 1852 411 1890 milites
437 1851 485 1890 ad
512 1864 701 1903 pugnam,
729 1864 776 1890 ac
809 1852 857 1891 de
884 1851 1070 1891 industria
1099 1850 1360 1902 negligentius
1391 1854 1520 1888 custo·

139 1908 211 1947 diri
236 1909 431 1958 captivos:
465 1920 514 1946 ex
538 1907 676 1959 quibus
693 1909 826 1959 pauci,
859 1909 923 1960 qui
955 1907 1229 1959 profugerant,
1255 1905 1523 1944 nuntiaverunt

141 1964 221 2003 suis
250 1975 415 2014 pugnam
439 1964 650 2002 imminere.
710 1963 760 2002 At
789 1964 867 2013 illi,
892 1976 940 2002 ne
969 1962 1223 2015 suspectione
1249 1960 1390 2013 proelii
1414 1959 1522 1999 didu-

142 2024 276 2058 cerent
305 2020 431 2068 vires,
462 2020 672 2058 omiserunt
705 2031 914 2059 occurrere
945 2020 1023 2067 eis,
1057 2018 1194 2070 quibus
1226 2015 1521 2057 insidiabantur:

140 2075 321 2127 legiones
343 2075 531 2114 tutissime
555 2075 660 2114 nullo
684 2077 905 2127 excipiente
928 2075 976 2115 ad
996 2075 1147 2116 Didium
1167 2077 1441 2126 pervenerunt.

256 2131 295 2171 6.
354 2130 465 2170 Bello
487 2131 629 2170 Punico
654 2132 841 2183 quaedam
866 2133 1065 2181 civitates,
1095 2141 1193 2182 quae
1214 2141 1236 2168 a
1253 2127 1436 2166 Romanis
1454 2127 1522 2175 de·

142 2189 264 2228 ficere
289 2187 336 2227 ad
360 2187 513 2226 Poenos
534 2187 841 2237 destinaverant,
871 2200 956 2227 cum
989 2186 1146 2230 obsides
1175 2184 1396 2233 dedissent,
1423 2194 1522 2236 quos

142 2245 324 2297 recipere
349 2250 551 2295 antequam
580 2243 848 2283 desciscerent
874 2242 1098 2291 studebant,
1126 2239 1400 2281 simulaverunt
1421 2239 1522 2279 sedi-

145 2303 289 2341 tionem
308 2302 405 2341 inter
426 2300 604 2340 finitimos
627 2306 768 2351 ortam,
789 2310 901 2351 quam
922 2293 1179 2339 Romanorum
1201 2296 1321 2348 legati
1342 2296 1523 2336 dirimere
1547 2301 1551 2304 ”

1560 346 1566 403 i
