1566 2496
315 104 762 168 sTnA‘fsscEMArrcox
788 134 880 165 ΜΒ.
903 134 952 166 11.
984 133 1085 165 cAP.
1117 133 1149 163 1.
1365 121 1418 161 27

593 237 796 278 CAPUT
830 237 860 277 Ι.

281 326 345 357 DE
373 325 590 357 TEMPORE
616 325 680 356 AD
704 323 898 355 PUGNAM
926 323 1182 355 EmGENno.

161 407 198 445 1.
257 405 298 445 P.
326 409 458 460 Scipio
487 408 524 445 in
544 406 726 458 Hispania
755 417 839 444 cum
867 405 1123 456 comperisset
1147 403 1422 443 Hasdrubalem

46 462 262 502 Poenorum
290 464 426 504 ducem
456 464 583 502 ieiuno
605 462 779 500 exercitu
805 472 915 500 mane
941 462 1188 512 processisse
1218 461 1256 499 in
1284 461 1421 506 aciem,

46 516 230 558 continuit
263 519 302 559 in
337 520 469 559 horam
507 519 706 570 septimam
739 529 854 567 suos,
894 516 1033 569 quibus
1063 522 1344 568 praeceperat,
1382 521 1424 553 ut

47 576 293 626 quiescerent
329 583 369 615 et
406 575 531 614 cibum
558 579 762 626 caperent:
801 585 966 624 cumque
994 573 1129 612 hostes
1157 573 1304 621 inedia,
1344 573 1422 619 siti,

46 642 154 670 mora
190 631 262 670 sub
297 632 412 671 armis
447 631 596 682 fatigati
634 635 816 681 repetere
859 635 985 668 castra
1015 630 1260 681 coepissent,
1294 628 1422 667 subito

48 687 182 738 copias
209 687 342 726 eduxit
370 693 409 726 et
434 688 639 726 commisso
668 686 821 736 proelio
848 686 951 724 vicit.

159 741 199 782 2.
255 742 438 782 Metellus
467 743 555 781 Pius
581 744 618 781 in
640 742 822 793 Hispania
853 742 1041 780 adversus
1061 740 1307 790 Hirtuleium,
1340 752 1424 779 cum

47 797 116 836 ille
151 798 300 837 oriente
323 800 499 850 protinus
533 798 595 837 die
632 799 853 836 instructam
889 799 1011 836 aciem
1045 797 1154 836 vallo
1181 799 1264 836 eius
1294 796 1424 835 admo·

48 854 171 892 visset
195 853 452 893 fervidissimo
473 860 561 892 tunc
588 855 673 892 anni
701 860 894 904 tempore,
927 855 1023 892 intra
1054 860 1180 893 castra
1214 865 1306 892 suos
1333 864 1424 891 con-

49 909 160 947 tinuit
196 910 234 948 in
259 909 392 948 horam
423 910 500 948 diei
527 915 698 957 sextam,
735 915 850 960 atque
879 910 928 947 ita
959 909 1140 960 fatigatos
1170 915 1280 948 aestu
1309 908 1426 948 facile

50 965 210 1015 integris
241 971 279 1004 et
305 965 527 1004 recentibus
556 977 710 1004 suorum
739 966 832 1003 vicit
860 965 1018 1006 viribus.

162 1021 201 1060 3.
260 1020 387 1070 Idem,
417 1022 553 1060 iunctis
583 1033 667 1060 cum
697 1020 882 1072 Pompeio
912 1021 1049 1059 castris
1078 1021 1272 1060 adversus,
1294 1021 1427 1059 Serto·

48 1078 144 1115 rium
180 1078 218 1115 in
239 1076 443 1129 Hispania,
482 1090 567 1116 cum
600 1089 719 1127 saepe
758 1077 1003 1115 instruxisset
1032 1078 1176 1125 aciem,
1216 1077 1329 1115 hoste
1363 1077 1428 1127 qni

50 1134 234 1185 imparem
268 1145 312 1172 se
349 1133 500 1172 duobus
539 1132 725 1172 credebat
758 1128 923 1183 pu‘gnam
960 1133 1222 1182 detractante,
1262 1132 1426 1184 quodam

50 1188 188 1228 deinde
222 1195 403 1240 tempore
447 1191 693 1228 Sertorianos
733 1188 873 1227 milites
918 1189 1252 1228 animadvertisset
1286 1188 1426 1238 magno

50 1246 192 1296 impetu
213 1246 414 1284 instinctos
424 1260 442 1294 ,·
460 1245 720 1297 deposcentes
737 1256 903 1295 pugnam
918 1245 1180 1296 humerosque
1198 1251 1428 1284 exserentes
1470 1292 1472 1294 v

51 1306 90 1339 et
114 1300 270 1340 lanceas
292 1301 510 1350 vibrantes,
541 1301 772 1339 existimavit
793 1301 922 1340 ardori
942 1301 1156 1340 cedendum
1180 1302 1217 1339 in
1235 1307 1426 1352 tempore,

50 1357 277 1410 recepitque
308 1358 542 1406 exercitum,
573 1363 612 1395 et
642 1357 827 1407 Pompeio
849 1357 949 1395 idem
970 1357 1136 1396 faciendi
1157 1363 1292 1396 auctor
1316 1357 1397 1396 fuit.

162 1413 202 1450 4.
260 1412 473 1452 Postumius
504 1413 640 1451 consul
668 1414 706 1451 in
734 1413 891 1461 Sicilia,
919 1425 1003 1451 cum
1034 1419 1162 1453 castra
1194 1415 1277 1452 eius
1306 1426 1327 1452 a
1356 1413 1427 1452 Pu-

51 1469 148 1506 nicis
183 1469 300 1507 rtrium
328 1469 470 1508 milium
505 1481 686 1520 passuum
727 1470 852 1520 spatio
892 1470 1099 1518 distarent,
1139 1476 1180 1508 et
1215 1470 1428 1508 dictatores

52 1522 419 1574 Carthaginiensium
456 1525 627 1576 quotidie
662 1531 748 1563 ante
787 1526 870 1575 ipsa
902 1527 1131 1564 munimenta
1169 1525 1427 1564 Romanorum

42 1579 261 1629 'dirigerent
297 1581 440 1629 aciem,
476 1582 615 1630 exigua
649 1592 759 1618 manu
792 1580 944 1618 levibus
980 1580 1139 1619 adsidue
1164 1582 1326 1632 proeliis
1356 1593 1427 1632 pro

52 1634 156 1672 vallo
173 1635 390 1674 resistebat.
436 1635 889 1683 Quamconsuetudinem
907 1641 1175 1676 contemnente
1191 1639 1264 1676 iam
1281 1637 1428 1686 Poeno,

53 1689 212 1740 reliquis
239 1691 412 1729 omnibus
431 1703 502 1741 per
523 1692 690 1742 quietem
712 1692 807 1729 intra
828 1691 968 1730 vallum
987 1694 1229 1744 praeparatis
1250 1705 1299 1732 ex
1319 1705 1428 1732 more
1467 1687 1469 1691 ’

54 1745 236 1796 pristino,
276 1758 360 1784 cum
390 1748 523 1796 paucis
559 1748 786 1785 sustentavit
822 1748 1014 1786 incursum
1041 1749 1350 1788 adversariorum
1382 1762 1429 1788 ac

55 1800 170 1838 solito
203 1801 341 1839 diutius
377 1801 566 1840 detinuit:
607 1802 745 1853 quibus
777 1803 946 1853 fatigatis
982 1811 1072 1855 post
1112 1811 1261 1844 sextam
1295 1805 1428 1844 horam

55 1862 93 1894 et
129 1857 202 1894 iam
239 1868 282 1894 se
316 1857 613 1907 recipient-ibus,
651 1864 690 1896 et
727 1870 811 1897 cum
850 1859 973 1898 inedia
1004 1872 1159 1913 quoque
1191 1861 1427 1910 laborarent,

53 1923 125 1962 per
154 1918 334 1950 recentes
361 1924 451 1951 suos
479 1914 651 1963 hostem,
682 1926 795 1964 quem
824 1915 1022 1966 praedicta
1047 1917 1347 1968 profligaverant
1376 1918 1428 1955 in-

57 1968 278 2011 commoda,
309 1968 468 2018 fugavit.

165 2025 203 2063 5.
260 2023 478 2075 Iphicrates
502 2024 771 2075 Atheniensis,
803 2028 867 2078 qui
897 2027 1173 2079 exploraverat
1196 2029 1334 2067 eodem
1365 2028 1428 2066 ad-

53 2079 162 2117 sidue
198 2085 373 2130 tempore
414 2081 547 2119 hostes
593 2081 716 2120 cibum
755 2094 921 2133 capere,
964 2085 1145 2122 maturius
1185 2085 1291 2122 vesci
1337 2094 1429 2121 suos

0 2157 4 2161 -
53 2135 162 2173 iussit
191 2140 229 2173 et
259 2136 390 2174 eduxit
419 2137 456 2174 in
486 2137 629 2186 aciem,
667 2137 952 2191 adgressusque
990 2139 1220 2178 hostem-ita
1255 2139 1428 2187 detinuit,

54 2195 95 2226 ut
123 2191 157 2227 ei
187 2203 312 2241 neque
333 2192 562 2242 confligendi
588 2204 713 2243 neque
744 2193 907 2233 abeundi
936 2195 1047 2234 daret
1076 2195 1309 2234 facultatem.
1369 2192 1428 2232 ln-

56 2244 195 2284 clinato
225 2246 363 2286 deinde
397 2249 469 2286 iam
499 2248 559 2286 die
590 2248 743 2287 reduxit
777 2262 868 2290 suos
906 2257 945 2289 et
974 2251 1217 2289 nihilominus
1246 2251 1283 2287 in
1313 2252 1428 2288 armis

57 2301 220 2340 retinuit.
259 2301 421 2354 Fatigati
438 2304 572 2342 hostes
589 2315 664 2343 non
681 2306 844 2345 statione
862 2307 983 2357 magis
1003 2319 1114 2358 quam
1133 2305 1277 2355 inedia,
1303 2308 1428 2346 statim
