1566 2496
221 109 668 146 srassnumtsslcon
697 110 791 141 Lm.
821 110 853 140 1.
897 108 997 140 car.
1027 108 1167 138 1—111.
1374 101 1398 139 7

140 217 180 257 6.
211 215 256 256 C.
286 207 428 255 Marius
464 214 600 254 consul
630 213 736 252 bello
766 211 962 252 Cimbrico
1002 219 1042 252 et
1079 212 1319 261 Teutonico,
1350 211 1399 251 ad

30 273 292 313 excutiendam
329 271 524 311 Gallorum
565 276 603 310 et
640 269 815 320 Ligurum
842 269 976 318 fidem,
1011 270 1160 308 litteras
1197 269 1254 307 eis
1282 268 1399 315 misit,

29 340 187 382 quarum
213 338 305 380 pars
333 329 440 380 prior
469 325 752 379 praecipiebat,
776 337 825 364 ne
851 326 1076 375 interiores,
1103 336 1202 376 quae
1227 325 1400 376 praesig-

27 390 139 425 ntae
169 390 296 433 eraut,
327 390 414 422 ante
444 389 590 423 certum
610 389 760 433 tempus
786 383 1049 434 aperirentur:
1079 381 1234 421 easdem
1262 386 1400 432 postea
1447 432 1449 434 q

26 446 116 480 aute
143 441 414 493 praestitutam·
434 440 533 479 diem
559 439 716 491 repetiit
743 444 804 488 et,
832 439 920 490 quia
945 439 1161 489 resignatas
1184 443 1399 489 repererat,

28 496 220 536 intellexit
248 495 403 535 hostilia
433 497 581 546 agitari.

141 552 229 604 [Est
258 558 298 591 et
324 551 427 591 aliud
448 551 676 603 explorandi
703 562 845 601 genus,
874 561 952 602 quo
974 550 1048 602 ipsi
1069 549 1189 588 duces
1210 548 1316 588 nullo
1334 560 1400 587 ex-

29 609 219 648 trinsecus
247 608 434 647 adiutorio
464 620 535 659 per
564 619 607 646 se
637 606 852 659 provident.
911 603 1034 658 Sicut]

142 666 181 704 7.
206 664 391 703 Aemilius
421 664 547 715 Papus
572 663 707 702 consul
739 662 846 701 bello
887 662 1052 701 Etrusco
1090 661 1190 713 apud
1221 659 1403 712 oppidum

30 719 278 772 Populoniam
299 720 531 759 demissurus
561 720 773 759 exercitum
801 720 838 757 in
868 719 1091 771 planiciem,
1121 716 1403 768 contemplatus

32 775 170 827 procul
198 777 322 815 avium
353 776 626 814 multitudinem
667 775 867 814 crebriore
903 780 943 813 et
978 775 1155 814 citatiore
1186 773 1317 812 volatu
1351 785 1402 811 ex

34 831 131 871 silva
155 833 469 879 consurrexisse,
499 831 690 870 intellexit
723 831 867 882 aliquid
902 831 982 869 illic
1016 830 1235 869 insidiarum
1263 829 1400 877 latere,

34 887 138 938 quod
160 893 201 926 et
224 887 398 926 turbatae
423 899 517 925 aves
539 893 578 925 et
602 887 733 938 plures
757 887 869 925 simul
892 886 1155 925 evolaverunt.
1214 886 1401 924 Praemis-

34 944 90 982 sis
113 944 226 994 igitur
253 942 564 994 exploratoribus
595 943 806 993 comperit,
836 942 974 981 decem
1000 942 1104 981 milia
1130 942 1311 980 Boiorum
1336 954 1402 980 ex-

35 999 214 1050 cipiendo
243 998 297 1037 ibi
326 998 583 1037 Romanorum
618 998 758 1049 agmini
783 998 822 1036 in
863 998 1000 1036 itinere
1029 998 1248 1046 imminere,
1279 1010 1404 1049 eaque

34 1055 133 1105 alio,
160 1067 272 1106 quam
288 1054 608 1106 exspectabatur,
633 1055 755 1093 latere
769 1054 895 1092 missis
912 1053 1131 1104 legionibus
1150 1053 1405 1092 circumfudit.

99 1112 112 1116 ”
147 1110 187 1153 8.
212 1110 395 1149 Similiter
418 1110 639 1149 Tisamenus
663 1109 811 1148 Orestis
831 1110 951 1159 filius,
977 1122 1061 1148 cum
1087 1110 1258 1148 audisset
1277 1110 1406 1160 iugum
1479 1132 1482 1134 -

33 1166 84 1206 ab
120 1166 295 1208 hostibus
330 1172 460 1205 natura
494 1167 672 1205 munitum
709 1167 856 1215 teneri,
894 1166 1092 1217 praemisit
1124 1166 1404 1212 sciscitaturos,

36 1223 128 1277 qnid
163 1223 222 1262 rei
256 1222 379 1266 foret;
412 1234 459 1261 ac
495 1221 754 1261 referentibus
788 1223 847 1260 eis
885 1233 961 1260 non
1001 1234 1090 1260 esse
1116 1234 1273 1271 verum,
1301 1223 1406 1274 quod

34 1279 277 1330 opinaretur,
302 1279 499 1329 ingressus
524 1279 599 1317 iter
622 1277 688 1317 ubi
710 1277 802 1316 vidit
830 1290 881 1316 ex
904 1284 1087 1329 suspecto
1115 1278 1207 1328 iugo
1232 1290 1408 1328 magnam

36 1335 111 1374 vim
137 1335 260 1373 avium
288 1334 399 1373 simul
426 1334 608 1373 evolasse
640 1346 768 1385 neque
799 1335 951 1372 omnino
976 1333 1171 1382 residere,
1202 1333 1405 1373 arbitratus

36 1396 99 1429 est
125 1390 249 1446 latere
276 1390 358 1429 illic
383 1402 521 1442 agmen
549 1390 735 1429 hostium:
776 1391 905 1441 itaque
941 1390 1202 1429 circumducto
1233 1391 1407 1429 exercitu

36 1446 152 1485 elusit
173 1446 427 1485 insidiatores.

149 1501 188 1541 9.
215 1501 433 1541 Hasdrubal
462 1502 581 1541 frater
607 1501 828 1541 Hannibalis
861 1502 1027 1540 iunctum
1054 1501 1149 1540 Livii
1174 1508 1214 1541 et
1240 1501 1407 1541 Neronis

36 1558 270 1606 exercitum,
296 1570 521 1609 quamquam
548 1558 624 1597 hoc
651 1558 707 1596 illi
731 1569 808 1596 non
835 1557 1039 1608 duplicatis
1067 1559 1203 1596 castris
1233 1559 1407 1597 dissimu-

39 1611 185 1661 tarent,
213 1613 426 1662 intellexit,
453 1614 556 1664 quod
579 1613 628 1652 ab
656 1614 793 1652 itinere
821 1614 1072 1663 strigosiores
1097 1614 1254 1654 notabat
1283 1626 1406 1666 equos

42 1673 82 1707 et
110 1667 343 1708 coloratiora
377 1669 590 1719 hominum,
620 1675 661 1707 ut
688 1681 739 1707 ex
765 1669 850 1718 via,
882 1680 1060 1721 corpora.

576 1778 772 1818 CAPUT
807 1779 875 1819 ΠΙ.

255 1882 258 1883 ⁷
323 1866 385 1895 DE
414 1865 767 1897 coxsnrnssxno
797 1866 943 1898 STATU
967 1868 1119 1899 BELLI.

158 1945 192 1983 1.
219 1944 442 1984 Alexander
468 1945 652 1998 Macedo,
683 1960 768 1987 cum
802 1948 964 1988 haberet
999 1949 1267 1989 vehementem
1298 1961 1409 1988 exer·

44 2002 179 2049 citum,
208 2013 364 2052 semper
388 2014 474 2041 eum
504 2008 640 2042 statum
671 2003 763 2043 belli
790 2004 930 2055 elegit,
961 2012 1000 2047 ut
1031 2007 1115 2045 acie
1140 2005 1380 2055 confligeret.

157 2056 195 2095 2.
228 2056 270 2096 C.
299 2055 444 2097 Caesar
471 2057 577 2098 bello
609 2060 712 2099 civili
737 2072 822 2099 cum
852 2067 1074 2100 veteranum
1105 2062 1316 2100 exercitum
1345 2060 1411 2098 ha·

45 2111 179 2162 beret,
210 2112 375 2152 hostium
402 2119 528 2153 autem
553 2116 717 2155 tironem
741 2127 830 2155 esse
868 2117 1008 2167 sciret,
1044 2119 1128 2157 acie
1159 2128 1316 2168 semper
1345 2116 1410 2154 de-

45 2174 195 2207 certare
224 2169 377 2208 studuit.

155 2224 194 2264 3.
220 2224 360 2264 Fabius
390 2224 574 2265 Maximus
615 2227 802 2267 adversus
841 2227 1115 2278 Hannibalern,
1163 2226 1411 2266 successibus

47 2279 279 2330 proeliorum
312 2281 564 2333 insolentem,
609 2283 798 2323 recedere
838 2284 885 2324 ab
924 2285 1079 2336 ancipiti
1114 2283 1333 2322 discrimine
1369 2288 1409 2321 et
