1566 2496
233 114 681 149 erut-nemancos
707 115 799 147 mn.
831 115 863 146 1.
895 114 995 146 car.
1027 115 1126 145 vm.
1338 108 1386 147 19

16 222 227 271 deberent,
257 221 474 271 missosque
503 230 574 258 eos
592 218 699 258 velat
728 219 919 258 contraria
947 220 1110 270 pignora
1139 219 1389 268 retinuerunt,

18 291 92 318 nec
116 281 204 318 ante
227 275 474 316 reddiderunt
495 287 607 327 quam
631 276 704 327 ipsi
730 282 1007 327 recuperarent
1028 287 1134 314 suos.

45 373 51 387 ,
130 334 168 374 7.
226 331 359 383 Legati
387 330 668 380 Romanorum,
700 343 785 370 cum
806 332 911 370 missi
932 337 1064 370 essent
1092 331 1139 370 ad
1159 330 1390 370 Antiochum

16 401 174 441 wem,
193 389 260 440 qui
278 400 411 427 secum
429 387 681 427 Hannibalem
697 388 809 426 victis
830 388 904 426 iam
926 386 1304 438 Carthaginiensibus
1325 387 1390 426 ha-

14 446 134 488 hebat
153 444 430 495 consiliumque
458 444 541 482 eius
562 443 750 482 adversus
768 443 963 483 Romanos
985 444 1218 491 instruebat,
1241 443 1391 482 crebris

17 515 102 543 cnm
116 500 326 541 Hannibale
346 499 552 550 colloquiis
568 499 802 549 effecerunt,
825 506 864 538 ut
884 501 917 538 is
935 500 1020 550 regi
1041 500 1154 538 fieret
1170 506 1390 551 suspectus,

17 559 79 598 cui
110 558 350 608 gratissimus
379 555 549 607 alioquin
578 562 618 595 et
642 556 746 594 utilis
775 562 859 596 erat
889 562 1051 608 propter
1076 555 1324 596 calliditatem
1353 562 1393 594 et

17 615 191 666 peritiam
209 612 390 653 bellandi.

128 669 168 709 8.
227 667 275 716 Q.
295 667 477 707 Metellus
498 667 684 707 adversus
705 667 923 718 Iugurtham
948 667 1093 707 bellum
1114 680 1258 719 gerens
1272 698 1282 717 ,
1304 669 1393 719 mis-

19 736 86 763 sos
106 725 155 764 ad
175 737 219 763 se
241 724 396 774 legatos
416 725 499 762 eius
520 725 716 775 corrupit,
739 730 779 762 ut
798 723 872 762 sibi
894 724 1106 774 proderent
1128 736 1283 775 regem:
1308 737 1393 763 cum

21 787 61 820 et
89 780 154 822 alii
173 781 390 829 venissent,
419 780 519 818 idem
542 780 658 818 fecit:
690 780 828 818 eodem
860 780 1023 818 consilio
1046 793 1140 819 usus
1167 787 1227 819 est
1259 786 1298 819 et
1327 781 1392 819 ad-

19 849 158 875 versus
186 836 352 874 tertios:
394 835 475 873 Sed
500 834 548 874 de
572 832 793 885 captivitate
814 835 1023 886 Iugurthae
1053 849 1117 875 res
1143 849 1275 888 parum
1305 848 1394 888 pro-

22 893 158 931 cessit:
190 892 317 930 vivum
337 891 436 929 enim
460 890 558 929 tradi
586 890 660 928 sibi
677 891 858 929 'volebat
917 891 1120 931 Plurimum
1147 899 1275 932 tamen
1303 905 1395 931 con-

22 954 180 987 secutus
194 952 273 986 est:
294 958 380 986 nam
402 951 486 985 cum
506 947 744 998 interceptae
768 946 929 985 fuissent
950 948 1141 998 epistolae
1163 951 1245 987 eius
1265 949 1312 987 ad
1335 962 1395 987 re-

21 1005 108 1055 gios
128 1003 274 1042 amicos
300 1003 493 1054 scriptae,
523 1003 562 1040 in
589 1013 724 1041 omnes
753 1014 823 1040 eos
854 1015 925 1041 rex
945 1004 1230 1048 animadvertit:
1254 1005 1396 1055 spolia-

23 1067 160 1111 tusque
181 1059 374 1107 consiliis,
397 1059 541 1098 amicos
563 1064 710 1109 postea,
724 1070 863 1110 parare
883 1070 959 1098 non
983 1060 1120 1110 potuit.

133 1115 174 1155 9.
233 1113 277 1154 C.
302 1113 469 1164 Caesar,
495 1126 580 1152 cum
612 1127 684 1165 per
710 1121 917 1166 exceptum
944 1115 1143 1166 quemdam
1172 1122 1398 1166 aquatorem

24 1172 279 1222 comperisset
308 1170 504 1209 Afranium
530 1170 799 1222 Petreiumque
830 1177 957 1211 castra
979 1177 1101 1210 noctu
1126 1178 1322 1220 moturos,
1359 1178 1401 1210 ut

24 1227 120 1267 citra
137 1227 383 1266 vexationem
403 1237 557 1264 suorum
578 1226 732 1265 hostilia
752 1227 953 1278 impediret
974 1228 1157 1277 consilia,
1188 1228 1294 1266 initio
1322 1234 1397 1267 sta-

23 1283 89 1322 tim
122 1284 247 1322 noctis
274 1295 370 1321 vasa
401 1282 643 1321 conclamare
670 1282 811 1321 milites
840 1289 878 1322 et
907 1290 1064 1335 praeter
1088 1285 1399 1323 adversariorum

23 1345 148 1378 castra
174 1340 237 1390 agi
259 1338 383 1377 mulos
413 1350 499 1377 cum
518 1338 671 1377 fremitu
701 1345 739 1377 et
759 1350 893 1377 sonum
914 1341 1136 1378 continuare
1160 1340 1288 1379 iussit:
1322 1352 1397 1391 quo

22 1394 194 1449 retentos
216 1394 374 1434 volebat
398 1393 594 1444 arbitrari,
625 1401 751 1434 castra
774 1394 822 1433 ad
845 1407 889 1433 se
912 1394 1120 1435 Caesarem
1138 1407 1312 1436 movere.

138 1451 201 1490 10.
230 1451 365 1502 Scipio
384 1449 611 1498 Africanus,
628 1450 676 1489 ad
697 1451 927 1501 excipienda
941 1452 1081 1492 auxilia
1102 1465 1187 1491 cum
1202 1464 1398 1498 ⁴commea·

25 1505 124 1544 tibus
133 1506 335 1545 Hannibali
346 1507 551 1555 venientia,
572 1505 623 1544 M.
634 1506 837 1545 Thermum
854 1507 1008 1558 dimisit,
1025 1510 1111 1559 ipse
1127 1507 1396 1548 subventurus.

139 1563 204 1601 11.
262 1562 469 1611 Dionysius
498 1563 828 1611 Syracusanorum
863 1569 1066 1613 tyrannus,
1104 1577 1190 1602 cum
1226 1565 1311 1603 Arri
1345 1566 1398 1603 in·

26 1618 131 1666 genti
163 1617 400 1656 multitudine
440 1618 636 1656 traiecturi
675 1624 806 1656 essent
846 1619 883 1655 in
917 1619 1087 1658 Siciliam
1123 1621 1171 1658 ad
1209 1633 1294 1659 eum
1331 1620 1399 1659 ob·

29 1673 291 1722 pugnandum,
322 1673 484 1711 castella
519 1672 693 1723 pluribus
724 1673 822 1711 locis
856 1676 1072 1713 communiit
1098 1676 1402 1727 custodibusque

29 1729 253 1778 praecepit,
282 1734 322 1766 ut
351 1741 399 1776 ea
420 1728 637 1766 advenienti
658 1729 760 1767 hosti
780 1729 967 1769 dederent
990 1732 1212 1782 dimissique
1234 1733 1401 1781 Syracu·

28 1795 93 1821 sas
117 1783 271 1821 occulte
291 1783 471 1822 redirent.
532 1784 637 1822 Afris
666 1796 831 1824 necesse
860 1786 930 1824 fuit
960 1793 1072 1838 capta
1102 1788 1264 1827 castella
1287 1801 1400 1840 prae·
1438 1829 1445 1843 x

0 1849 7 1859 '
30 1838 129 1877 sidio
162 1838 319 1876 militum
346 1844 498 1883 tenere;
531 1851 627 1890 quos
649 1839 878 1891 Dionysius,
904 1842 1085 1881 redactos
1116 1843 1164 1882 ad
1195 1856 1307 1895 quam
1331 1857 1400 1883 vo-

30 1894 153 1932 luerat
172 1895 423 1945 paucitatem,
448 1907 571 1946 paene
592 1896 665 1934 iam
682 1908 752 1947 par
775 1909 933 1936 numero
949 1899 1160 1949 adgressus
1179 1901 1284 1950 vicit,
1317 1914 1400 1940 cuni

27 1961 120 1989 suos
140 1950 399 1989 contraxisset
422 1957 461 1989 et
479 1951 724 2001 adversarios
747 1955 967 2004 sparsisset.
1069 2002 1074 2005 ³

143 2005 208 2044 12.
267 2005 475 2056 Agesilaus
495 2006 840 2058 Lacedaemonius,
863 2022 947 2049 cum
967 2010 1136 2049 “inferret
1155 2010 1297 2050 bellum
1319 2011 1400 2050 Tis-

30 2061 261 2113 saphernae,
285 2059 434 2100 Cariam
453 2074 496 2101 se
521 2069 657 2114 petere
677 2064 887 2115 simulavit,
908 2067 1017 2118 quasi
1035 2067 1162 2117 aptius
1177 2069 1275 2107 locis
1297 2079 1401 2105 mon-

31 2118 154 2156 tuosis
176 2118 362 2167 adversus
383 2118 531 2157 hostem
549 2120 719 2169 equitatu
741 2122 1027 2171 praevalentem
1047 2130 1297 2173 pugnaturus,
1330 2123 1403 2160 Per

31 2171 132 2211 hanc
159 2174 309 2213 consilii
345 2175 639 2213 ostentationem
669 2182 832 2216 avocato
867 2178 906 2216 in
942 2177 1094 2217 Cariam
1127 2178 1401 2229 Tissapherne,

32 2229 118 2278 ipse
139 2227 316 2279 Lydiam,
345 2229 410 2268 ubi
430 2237 544 2281 caput
559 2230 723 2270 hostium
742 2234 853 2283 regni
874 2240 977 2284 erat,
1007 2235 1157 2285 irrupit,
1184 2234 1401 2285 obpressis-

33 2295 108 2334 que
129 2285 193 2336 qui
211 2285 294 2325 illic
314 2285 501 2337 agebant,
523 2288 686 2339 pecunia
703 2289 812 2339 regia
830 2291 975 2342 potitus
995 2295 1069 2329 est.

1128 2355 1150 2383 ε)
1163 2356 1181 2376 *
