1566 2496
575 123 813 159 EDITORIS.
1313 120 1415 151 XVII

3 231 5 244 '
31 235 252 283 emendavi,
269 246 340 284 pro
354 234 663 272 Lacedaemonem
677 241 825 278 versu-³,
845 230 994 268 adiutus
1018 229 1129 269 codd.
1151 229 1352 276 Mediceis,
1375 232 1414 266 in

30 294 166 342 quibus
184 303 254 340 pro
280 301 408 329 versus
427 294 599 327 exaratur
618 299 740 338 αρν-οε.
792 287 966 334 Sequitur
986 286 1137 334 quidem
1158 297 1310 334 aqrum;
1345 287 1415 324 sed

32 361 148 398 supra
169 350 203 388 '1'
215 360 258 385 se
284 348 493 395 excipiunt:
521 347 675 384 hostium
687 365 746 372 —
759 344 871 380 hostis
885 365 940 372 —
954 354 1098 380 eorum.-
1127 343 1165 379 in
1184 343 1317 379 talibus
1338 354 1415 380 non

29 407 184 453 elegans
200 408 259 441 est
273 408 414 441 noster.
451 403 696 450 Depopulatio
726 400 875 437 videtur
903 401 1002 436 sacta
1031 411 1117 436 esse
1140 410 1187 435 ex
1207 399 1412 447 Megaride,

29 461 338 499 Lacedaemoniis
361 460 492 496 amica.
514 454 533 512 Η
553 463 608 498 17.
639 461 761 504 eisque
780 456 972 503 obsecutis)
993 456 1046 491 lta
1066 467 1194 492 omnes
1213 456 1318 500 Mss.,
1339 467 1414 492 non

26 520 177 566 eiusque
197 516 393 554 obsecutos.
443 516 600 563 Explica
627 525 711 552 eum
743 513 860 550 Oud.:
887 524 971 549 cum
998 514 1048 548 illi
1078 513 1243 548 obsecuti
1273 517 1412 551 essent.

26 574 132 611 Idem
148 573 243 610 Oud.
263 584 331 620 pro
351 572 627 615 conditionibus,
649 569 750 618 quod
772 570 958 616 vulgatur,
978 569 1066 616 legit
1090 569 1292 604 conditioni.
1313 562 1333 620 Η
1353 571 1411 608 18.

25 631 168 678 finyens
187 630 324 675 dotum)
357 629 458 665 Haec
477 639 659 675 reponere
680 637 796 662 ausus
814 637 894 661 sum
915 636 964 661 ex
981 626 1088 661 bonis
1109 626 1232 669 libris,
1262 626 1324 671 qui
1342 636 1410 672 pro

29 686 307 732 subigendorum
335 674 516 732 praebent
546 683 615 720 sub
641 685 768 730 inqens
786 682 926 726 dotum,
945 681 1113 728 subigens
1138 682 1278 726 dolum,
1299 682 1412 718 subii—

29 743 128 777 ciens
164 741 294 780 dolum.
314 735 332 793 Η
353 745 411 780 19.
442 741 593 786 vicibus)
629 750 698 786 per
730 738 847 782 vices,
880 739 918 774 in
950 739 1070 776 vices.
1131 737 1242 774 Ovid.
1276 738 1412 774 vicibus

30 797 142 845 factis
162 797 240 843 (ap.
259 797 287 832 F
290 798 450 843 orcell.).
487 793 812 841 „Abwechselnd‚
834 793 993 830 niimlich
1014 798 1119 830 unter
1137 793 1209 829 den
1231 793 1411 830 Soldaten

33 853 99 889 der
124 853 316 888 einzelnen
337 851 517 889 Schiffe.“
557 851 610 888 Cf.
631 852 812 897 Polyaen.
839 851 882 889 11.
902 852 944 889 7:
977 841 1056 886 ἀνὰ
1078 845 1204 900 μέρος.
1227 845 1244 903 Η
1262 851 1301 886 in
1329 860 1411 886 eam

31 919 111 945 rem
134 909 306 955 rentiyes)
329 907 393 945 Sic
413 907 624 943 emendavi.
664 907 775 952 Vulg.
804 907 842 941 in
865 916 908 942 ea
931 908 1117 953 remiyem.
1164 906 1241 943 Sed
1262 907 1410 953 plurimi

31 965 113 1000 libri
127 965 165 1000 in
180 973 274 1000 eam.
310 963 412 999 Bene
432 964 542 999 etiam
563 973 605 998 se
626 962 797 998 haberet:
826 963 863 996 in
882 971 926 997 ea
939 972 981 998 re
1002 963 1184 1009 remiyem.
1206 956 1224 1014 Η
1243 967 1302 1000 21.
1316 973 1411 1010 per-

32 1022 160 1057 niciem
189 1021 388 1074 summam)
412 1019 466 1055 lta
489 1018 687 1055 emendavi
715 1028 784 1064 pro
805 1018 1172 1063 perniciosissimum,
1195 1018 1296 1064 quod
1318 1029 1410 1066 syn-

32 1077 126 1113 taxis
150 1086 224 1112 non
250 1075 426 1119 admittit,
457 1075 528 1111 nisi
555 1075 724 1121 corrigas
748 1072 881 1120 fuyam
896 1075 1247 1120 perniciosissimam
1270 1073 1411 1118 (deleto

32 1134 181 1178 autem).
203 1125 221 1184 ΙΙ
238 1135 296 1170 22.
316 1132 441 1168 adsist.
460 1130 744 1178 magistratibus)
765 1129 837 1165 hoc
857 1130 998 1165 restitui
1018 1141 1085 1176 pro
1105 1130 1288 1174 militibus,
1311 1130 1413 1177 quod

31 1189 69 1224 in
89 1188 190 1224 libris
209 1192 279 1232 est.
319 1187 465 1234 Oppon.
486 1198 615 1223 omnes
630 1187 840 1222 Ennenses.
864 1180 881 1238 Η
899 1189 954 1224 26.
973 1186 1112 1231 Cincio)
1135 1198 1155 1222 e
1170 1187 1247 1221 Liv.
1264 1186 1413 1223 XXVII.

30 1247 77 1283 26
99 1243 250 1286 restitui,
271 1254 340 1290 pro
366 1243 544 1290 Crispino.
566 1237 585 1295 ss
602 1245 659 1281 27.
675 1242 742 1278 sed
758 1243 807 1286 et)
822 1247 857 1278 et
870 1243 1046 1277 revocavi
1068 1253 1114 1277 ex
1130 1243 1294 1278 Petrens.
1315 1237 1334 1295 Η
1353 1247 1411 1282 29.

31 1301 191 1346 armam)
212 1311 279 1346 pro
300 1309 452 1336 armare
466 1299 591 1346 recepi
614 1310 662 1334 ex
681 1298 849 1334 Petrens.
868 1292 886 1350 Η
906 1302 962 1337 30.
975 1298 1139 1345 fratrem
1159 1301 1285 1344 suum)
1306 1310 1412 1336 suum

30 1357 170 1392 inserui
191 1366 239 1392 ex
257 1355 358 1392 Med.
379 1366 451 1402 pr..
476 1357 538 1402 qui
558 1355 661 1391 solus
685 1354 835 1390 exhibet
851 1364 937 1391 suos
963 1355 1063 1398 (sine
1083 1354 1277 1401 fratrem).
1320 1355 1412 1391 Tum

0 1434 2 1461 ;
28 1423 99 1460 pro
119 1413 400 1448 committeretur
419 1422 468 1447 ex
486 1415 568 1447 octo
590 1422 680 1447 mss.
711 1411 855 1446 restitui
884 1413 1125 1447 committeret.
1174 1410 1270 1447 Oud.
1298 1413 1414 1448 corri-

31 1469 103 1516 git:
117 1467 163 1504 L.
177 1467 299 1514 Scipio
315 1488 365 1495 —
384 1467 600 1504 exhortatus
614 1469 668 1503 est
687 1476 773 1502 suos
787 1486 844 1493 —
856 1468 1114 1503 committerent
1127 1468 1192 1512 (ex
1206 1467 1306 1503 Med.
1320 1471 1412 1514 pr.).

30 1523 164 1569 Miror,
189 1523 289 1570 quod
318 1524 430 1559 etiarn
448 1534 516 1570 pro
545 1524 757 1559 sententiam
778 1534 851 1558 non
882 1524 1085 1559 correxerit
1111 1523 1413 1560 exhortationem.

29 1579 240 1615 Reluetatur
269 1580 467 1616 universus
504 1590 626 1615 rerum
665 1583 793 1615 status.
853 1578 979 1625 Aeger
1023 1578 1174 1624 quidem
1214 1581 1253 1616 P.
1286 1579 1413 1627 Scipio

30 1634 168 1670 Elaeae
191 1637 413 1672 versabatur
439 1635 538 1679 (Liv.
565 1634 748 1670 XXXVII.
772 1635 847 1679 37),
877 1634 946 1670 sed
974 1638 1067 1681 post
1087 1646 1250 1681 pugnam
1272 1635 1413 1672 Sardes

34 1701 75 1726 se
92 1690 234 1726 confert
254 1691 351 1733 (Liv.
381 1701 414 1726 c.
439 1693 504 1736 45)
525 1690 574 1726 ad
594 1691 762 1731 fratrem3
785 1693 822 1725 et
841 1700 1063 1737 quamquam
1086 1691 1192 1727 Livio
1217 1692 1415 1728 consilium

31 1746 150 1782 Publii
169 1746 335 1792 ignotum
357 1751 424 1790 est,
446 1751 568 1782 tamen
583 1750 705 1792 potest
725 1746 825 1781 fratri
848 1746 1021 1791 dedisse,
1041 1751 1077 1782 et
1091 1746 1164 1783 hoc
1182 1748 1306 1794 ipsum
1325 1759 1414 1784 cou-

33 1801 155 1838 silium
178 1801 424 1847 (sententiam)
444 1805 593 1838 secutus
614 1802 746 1837 consul
761 1801 953 1838 victoriam
975 1802 1132 1848 adeptus
1153 1808 1219 1841 est.
1242 1799 1260 1856 Η
1277 1807 1333 1843 31.
1353 1806 1416 1852 qui

32 1858 210 1894 sociorum
226 1857 386 1903 populus
404 1857 502 1901 erat)
531 1857 734 1902 „Welehes
763 1857 865 1894 Volk
892 1869 939 1894 zu
966 1858 1040 1894 den
1068 1859 1414 1907 Bundesgenossen

33 1912 229 1960 gehorte.“
275 1913 348 1948 Vix
362 1923 454 1948 sana
475 1916 571 1948 sunt.
601 1912 682 1948 An:
701 1914 765 1960 qui
780 1923 801 1949 e
819 1915 999 1950 sociorum
1010 1916 1162 1962 populis
1179 1920 1311 1953 erant?
1332 1918 1412 1953 An:

32 1970 132 2016 quie
149 1969 256 2005 sociis
269 1969 403 2014 populi
425 1968 585 2005 Romani
607 1972 738 2004 erant?
757 1962 777 2021 H
793 1971 863 2015 uti)
895 1982 970 2006 non
999 1975 1059 2014 nt,
1093 1972 1174 2008 libri
1207 1972 1302 2009 Oud.
1337 1985 1413 2009 om-

33 2035 115 2061 nes.
135 2019 154 2076 Η
174 2028 230 2063 32.
251 2023 424 2071 meanis.)
447 2035 530 2060 cum
549 2023 644 2061 Oud.
679 2024 772 2060 Tum
792 2025 1034 2073 confunderet
1056 2039 1138 2063 eum
1161 2028 1299 2075 Lipsio.
1342 2029 1413 2064 De-

31 2081 142 2127 nique
161 2090 246 2117 suos
270 2090 341 2127 ego
362 2081 514 2118 inserui.
552 2080 672 2116 Antea
694 2080 906 2127 legebatur:
934 2084 1085 2118 scientie
1111 2085 1238 2120 milites
1259 2085 1414 2131 confice-

31 2140 100 2172 ret.
120 2130 139 2189 {l
156 2139 214 2174 33.
227 2137 570 2183 Semproniumque)
586 2137 639 2172 Ita
655 2147 737 2172 curn
746 2135 867 2173 Scriv.
885 2138 1039 2182 etOud.‚
1055 2150 1123 2185 pro
1140 2142 1242 2187 vulg.
1257 2150 1411 2188 quoque,

33 2193 133 2238 quod
151 2198 272 2228 tamen
301 2203 325 2228 a
342 2192 511 2240 plurimis
532 2191 633 2228 libris
653 2193 768 2228 abest.
790 2186 809 2244 ΙΙ
827 2196 885 2232 34.
904 2195 1103 2242 quondam)
1132 2196 1182 2231 ita
1211 2196 1310 2231 Med.
1339 2206 1410 2242 pr„

30 2258 99 2294 pro
119 2248 286 2295 quodam.
317 2242 336 2300 ΙΙ
360 2249 475 2296 quod)
495 2248 615 2295 aptius
639 2247 799 2293 videtur,
823 2260 932 2296 quam
946 2261 1027 2298 quo.
1046 2245 1065 2302 Η
1085 2253 1163 2296 eos)
1179 2262 1225 2286 ex
1245 2252 1412 2288 Petrens.

34 2297 53 2353 ΙΙ
75 2305 204 2350 usque)
232 2315 316 2340 cum
337 2304 514 2351 Gronov„
543 2315 611 2352 pro
644 2305 815 2352 undique.
861 2306 974 2343 Amat
999 2311 1126 2343 noster
1152 2308 1412 2355 act—usque.

88 2369 245 2396 rnon'r.
277 2369 426 2398 STRAT.
1113 2373 1136 2408 b
