1566 2496
202 143 649 181 smmossmncon
678 143 769 174 Lm.
787 142 855 173 111.
883 140 1207 173 CAP.V1—VI11.
1338 131 1390 171 67

130 253 170 293 4.
229 249 353 300 cyrus
374 248 474 300 apud
498 247 716 297 Babylona,
748 257 848 298 qnae
876 245 999 284 media
1021 244 1172 284 flumine
1193 241 1390 295 Euphrate

19 306 278 356 dividebatur,
305 306 450 345 fossam
479 305 623 356 pariter
650 309 688 343 et
726 314 911 354 aggerem
938 302 1116 348 instituit,
1146 305 1186 338 ut
1215 301 1252 338 in
1282 311 1390 338 usum

21 365 104 403 eius
133 362 394 402 existimarent
430 360 564 399 hostes
604 360 712 411 egeri
740 365 901 398 terram:
941 363 1056 408 atque
1079 357 1136 394 ita
1165 355 1291 394 subito
1321 355 1388 394 flu-

19 419 119 458 mine
152 428 291 457 averso
326 429 399 469 per
444 416 593 455 alveum
630 422 827 464 veterem,
866 414 930 466 qui
969 415 1136 452 siccatus
1174 412 1390 470 ingressum

22 473 253 527 praebebat,
288 473 423 512 urbem
450 473 614 511 intravit.

130 530 169 569 5.
234 529 467 583 [Semiramis
501 528 687 567 adversus
723 525 979 575 Babylonios,
1023 525 1160 563 eodem
1191 523 1391 575 Euphrate

20 596 182 635 averso,
211 586 311 624 idem
341 584 485 623 fecisse
510 581 677 636 dicitur].

129 641 168 680 6.
227 640 447 680 Clisthenes
486 640 690 688 Sicyonius
730 638 882 677 ductum
918 648 1100 688 aquarum
1133 636 1169 674 in
1211 635 1391 687 oppidum

21 695 263 736 Crisaeorum
281 697 468 736 ferentem
486 697 606 747 rupit;
631 706 721 733 mox
742 694 903 732 refectis
923 693 1044 739 tubis,
1066 692 1231 730 restituit
1256 704 1392 743 aquam

21 751 197 791 elleboro
216 758 447 804 corruptam,
466 764 539 802 qua
554 763 647 790 usos
665 750 854 802 profluvio
863 750 1010 788 ventris
1027 748 1254 787 deficientes
1273 749 1390 799 cepit.

532 905 726 945 CAPUT
755 904 883 943 vlll.

291 995 354 1025 DE
382 993 642 1025 mncmnno
680 991 890 1023 OBSESSIS
919 992 1116 1023 PAvomz.

137 1087 173 1125 1.
226 1085 449 1136 Philippus,
481 1097 565 1123 cum
595 1085 790 1124 Prinasum
821 1080 1024 1122 castellum
1049 1085 1153 1124 nulla
1183 1086 1220 1123 vi
1251 1096 1394 1136 capere

22 1148 181 1194 posset,
218 1147 360 1180 terram
394 1147 481 1179 ante
513 1142 620 1193 ipsos
657 1151 786 1178 muros
824 1139 995 1189 adgessit
1032 1141 1300 1192 simulavitque
1332 1141 1396 1191 agi

24 1197 259 1238 cuniculum:
298 1197 518 1246 castellani,
557 1198 644 1248 quia
674 1195 855 1234 subrutos
884 1208 927 1234 se
965 1197 1255 1246 existimabant,
1289 1197 1395 1236 dedi-

24 1254 171 1293 derunt.

133 1309 171 1348 2.
231 1308 437 1360 Pelopidas
475 1307 701 1358 Thebanus,
742 1307 961 1358 Magnetum
999 1308 1076 1347 duo
1115 1309 1257 1360 oppida
1285 1308 1396 1346 simul

22 1365 308 1417 obpugnaturus
337 1376 413 1403 non
436 1365 486 1403 ita
518 1364 635 1414 longo
662 1365 786 1416 spatio
814 1365 989 1403 distantia
1006 1395 1016 1413 ,
1045 1376 1121 1415 quo
1146 1371 1324 1416 tempore
1349 1364 1397 1403 ad

23 1422 183 1460 alterum
209 1432 340 1460 eorum
373 1422 583 1460 exercitum
611 1419 861 1469 admovebat,
891 1422 1112 1472 praecepit,
1144 1427 1183 1459 ut
1213 1433 1263 1459 ex
1293 1432 1394 1459 com-

23 1478 151 1528 posito
187 1477 235 1516 ab
269 1477 403 1516 alteris
442 1477 580 1516 castris
609 1482 787 1528 quattuor
826 1477 976 1527 equites
1007 1478 1206 1526 coronati,
1236 1476 1397 1515 notabili

25 1532 222 1572 alacritate
258 1533 364 1571 velut
398 1533 598 1571 victoriam
636 1532 923 1581 adnuntiantes,
963 1534 1165 1571 venirent:
1203 1533 1250 1571 ad
1289 1533 1396 1571 cuius

25 1588 302 1627 simulationem
331 1589 499 1637 curavit,
529 1594 568 1625 ut
589 1587 684 1625 silva
714 1599 812 1639 quae
843 1588 880 1625 in
909 1588 1035 1626 medio
1058 1594 1140 1626 erat
1170 1588 1396 1627 incendere-

25 1649 106 1692 tur,
136 1644 357 1694 praebitura
388 1645 560 1694 speciem
583 1642 687 1680 urbis
717 1642 898 1681 ardentis.
959 1643 1167 1682 Praeterea
1196 1644 1396 1695 quosdam,

27 1700 263 1748 captivorum
282 1698 434 1747 habitu,
466 1699 604 1737 eodem
628 1699 738 1736 iussit
757 1698 930 1749 perduci.
991 1698 1075 1746 Qua
1101 1700 1398 1738 adseveratione

27 1755 220 1805 perterriti
257 1755 321 1804 qui
349 1754 642 1803 obsidebantur,
681 1754 767 1792 dum
804 1756 841 1791 in
869 1761 977 1806 parte
1015 1757 1087 1793 iam
1117 1768 1160 1794 se
1192 1761 1397 1807 superatos

28 1810 262 1857 existimant,
297 1809 535 1848 defecerunt.

139 1865 177 1906 3.
235 1864 358 1914 Cyrus
387 1878 458 1904 rex
479 1865 699 1915 Persarum,
731 1867 879 1905 incluso
906 1867 1091 1905 Sardibus
1121 1866 1292 1915 Croeso,
1324 1879 1398 1918 qua

27 1927 256 1973 praeruptus
286 1932 394 1959 mons
415 1921 556 1959 nullum
585 1922 723 1960 aditum
746 1922 986 1973 praestabat,
1019 1923 1066 1962 ad
1096 1923 1246 1961 moenia
1275 1923 1398 1960 malos

28 1983 291 2028 exaequantes
324 1977 556 2016 altitudinem
586 1978 665 2027 iugi
695 1978 891 2028 subrexit,
929 1979 1066 2030 quibus
1098 1979 1300 2018 simulacra
1331 1978 1397 2016 ho-

27 2034 165 2071 minum
182 2039 325 2071 armata
348 2032 492 2071 Persici
515 2032 664 2072 habitus
686 2035 946 2085 imposuerat,
975 2041 1169 2086 noctuque
1195 2047 1263 2073 eas
1283 2033 1399 2071 monti

29 2088 214 2128 admovit:
253 2095 329 2128 tum
360 2089 479 2140 prima
519 2088 606 2127 luce
646 2101 695 2127 ex
731 2090 852 2129 altera
889 2097 998 2141 parte
1036 2103 1167 2129 muros
1190 2091 1399 2140 adgressus

31 2149 104 2182 est.
160 2144 236 2183 Ubi
261 2156 355 2183 vero
387 2151 472 2183 orto
502 2145 575 2182 iam
604 2145 688 2183 sole
720 2145 920 2185 simulacra
948 2147 1013 2186 illa
1044 2152 1272 2186 armatorum
1298 2143 1399 2182 refe-

31 2199 152 2238 rentia
173 2200 338 2239 habitum
362 2201 616 2250 refulserunt,
648 2201 848 2252 oppidani,
880 2208 1029 2254 captam
1049 2202 1183 2240 urbem
1214 2200 1260 2239 ab
1288 2205 1399 2248 tergo

33 2253 236 2295 credentes
275 2262 315 2295 et
355 2257 405 2296 ob
441 2256 516 2296 hoc
562 2258 599 2295 in
636 2256 764 2307 fugam
797 2257 956 2310 dilapsi,
993 2259 1193 2296 victoriam
1225 2253 1400 2293 hostibus

35 2318 321 2351 concesserunt.

1070 2378 1125 2418 5*
