1566 2496
216 122 684 171 'smarnossnflmon
717 136 807 167 mn.
837 135 886 166 11.
913 133 1012 165 cAP.
1043 133 1123 165 vn.
1154 133 1253 164 vm.
1369 127 1422 167 53

43 243 229 296 pulisset,
268 253 492 294 quamquam
538 240 629 280 nihil
665 251 797 279 secum
839 237 1032 291 praesidii
1070 236 1251 287 haberet,
1292 242 1424 292 coepit

43 301 191 350 signum
216 309 315 337 voce
333 303 524 349 gestuque
554 297 668 347 dare,
695 308 771 349 quo
798 297 995 336 videretur
1011 293 1295 345 subsequentes
1335 309 1424 335 sno-

45 368 127 394 rum
154 366 274 393 naves
299 365 464 392 vocare:
495 365 619 406 eaque
644 353 941 392 adseveratione
971 353 1123 392 hostem
1143 353 1298 400 terruit,
1331 359 1423 391 tam-

44 423 156 463 quam
172 410 286 462 plane
308 410 681 461 adpropinquarent,
704 411 767 462 qui
791 410 899 460 quasi
920 422 969 448 ex
993 409 1167 460 proximo
1195 408 1420 447 citabantur.

44 467 196 516 Aetoli,
217 478 267 505 ne
282 466 446 505 adventu
464 465 660 505 Romanae
676 466 813 505 classis
829 465 1137 517 obprimerentur
1148 494 1159 513 ,
1184 465 1423 516 reliquerunt

45 523 386 574 obpugnationem.

559 598 590 638 C
600 600 631 638 A
648 599 676 638 Ρ
685 599 719 639 U
728 599 758 638 T
785 599 820 637 V
830 599 846 638 l
856 599 909 638 11.

214 677 277 706 m:
305 675 630 707 RESTITUENDA
655 675 745 705 PER
772 675 1101 706 CONSTANTIAM
1134 675 1255 706 acu-2.

165 744 200 782 1.
231 743 388 783 Servius
415 744 561 784 Tullius
583 745 818 784 adolescens
850 744 1026 796 proelio,
1058 757 1134 797 quo
1164 757 1235 784 rex
1263 744 1423 796 Tarqui-

50 801 136 838 nius
162 798 348 838 adversus
377 800 542 839 Sabinos
569 801 761 849 conflixit,
800 800 996 850 signiferis
1032 802 1190 852 segnius
1214 801 1423 839 dimicanti·

50 855 122 894 bns
156 861 305 906 raptum
345 856 493 905 signum
528 857 566 894 in
595 856 746 895 hostem
773 857 892 901 misit;
929 857 1035 895 cuius
1063 857 1276 908 recipiendi
1299 857 1423 907 gratia

50 911 210 949 Romani
237 911 289 950 ita
318 911 498 950 ardenter
526 917 815 964 pugnaverunt,
847 918 886 950 ut
916 918 955 950 et
984 914 1132 963 signum
1157 919 1196 951 et
1224 914 1424 951 victoriam

52 967 265 1005 retulerint.

162 1021 201 1060 2.
260 1021 396 1061 Furius
425 1022 598 1074 Agrippa
627 1023 784 1072 consul,
816 1022 979 1062 cedente
1008 1035 1149 1072 cornu,
1180 1025 1328 1074 signum
1357 1024 1425 1061 mi·

51 1076 162 1116 litare
196 1084 371 1130 ereptum
399 1079 584 1129 signifero
619 1079 656 1117 in
684 1079 821 1118 hostes
849 1078 1018 1117 Volscos
1048 1086 1088 1118 et
1114 1079 1275 1130 Aequos
1304 1080 1424 1121 misit:

53 1145 129 1185 quo
157 1133 262 1172 facto
293 1135 376 1173 eius
406 1134 595 1185 proelium
626 1136 838 1173 restitutum
868 1141 948 1173 est:
986 1147 1128 1175 summa
1156 1135 1258 1174 venim
1288 1135 1425 1174 alacri·

54 1195 132 1230 tate
158 1189 319 1228 Romani
347 1190 394 1229 ad
421 1191 685 1242 recipiendum
714 1192 861 1241 signum
890 1191 1153 1230 incubuerunt.

165 1245 205 1285 3.
264 1244 308 1284 T.
337 1245 535 1293 Quinctius
565 1247 700 1285 consul
728 1248 876 1297 signum
905 1248 942 1285 in
971 1246 1105 1287 hostes
1119 1247 1288 1286 Volscos
1312 1247 1427 1285 eiecit

52 1301 268 1353 militesque
293 1302 331 1340 id
356 1308 539 1353 repetere
568 1302 690 1341 iussit.
963 1339 967 1342 .

144 1361 202 1409 ⁷4·
262 1357 414 1396 Salvius
443 1358 624 1408 Pelignus
653 1358 950 1401 belloKPersico
981 1358 1080 1398 idem
1107 1359 1214 1398 fecit.

165 1413 204 1451 5.
262 1412 313 1452 M.
342 1412 478 1452 Furius
506 1413 688 1453 Camillus
722 1414 891 1453 tribunus
927 1415 1083 1454 militum
1119 1414 1312 1453 consulari
1342 1420 1426 1466 pot-

54 1474 199 1518 estate,
228 1475 428 1508 cunctante
458 1471 654 1520 exercitu,
683 1470 881 1521 adreptum
908 1483 1019 1509 manu
1040 1471 1264 1521 signiferum
1293 1471 1329 1509 in
1358 1471 1426 1509 ho·

54 1530 136 1563 stes
157 1524 327 1564 Volscos
356 1531 395 1564 et
420 1525 574 1564 Latinos
604 1527 738 1564 traxit:
770 1532 925 1579 ceteros
956 1526 1090 1577 puduit
1112 1538 1188 1564 non
1217 1528 1339 1577 sequi.

45 1590 51 1594 ·
165 1581 204 1620 6.
262 1580 388 1628 Idem,
427 1593 566 1620 averso
599 1583 771 1620 exercitu
805 1594 890 1620 cum
921 1583 1174 1630 occurrisset,
1203 1582 1426 1631 adfirmavit,

55 1645 132 1673 non
165 1642 410 1686 recepturum
448 1649 493 1675 se
532 1639 570 1676 in
608 1643 733 1676 castra
764 1649 991 1688 quemquam
1019 1638 1091 1676 nisi
1117 1639 1325 1682 victorem;
1366 1650 1427 1676 re·

57 1690 261 1742 ductisque
292 1692 329 1728 iu
360 1692 503 1741 aciem,
527 1694 690 1731 victoria
718 1695 863 1744 potitus
891 1699 963 1731 est.

169 1746 207 1783 7.
265 1747 396 1797 Scipio
423 1747 522 1798 apud
546 1747 803 1797 Numantiam,
832 1760 916 1786 cnm
943 1761 1119 1788 aversum
1146 1761 1253 1787 suum
1277 1749 1429 1788 videret

57 1802 296 1849 exercitum,
333 1804 611 1853 pronuntiavit,
647 1815 719 1854 pro
756 1803 867 1843 hoste
896 1804 970 1843 sibi
998 1805 1162 1844 futurum
1192 1806 1363 1856 quisquis
1392 1807 1429 1843 in

58 1862 184 1895 castra
212 1857 390 1895 redisset.
1362 1883 1371 1889 ,

171 1911 208 1951 8.
268 1912 454 1951 Servilius
478 1912 632 1952 Priscus
655 1914 838 1964 dictator,
869 1927 953 1954 cum
980 1917 1088 1967 sigua
1119 1916 1313 1966 legionum
1335 1917 1429 1956 ferri

58 1968 96 2013 in
134 1967 270 2006 hostes
310 1968 470 2019 Aequos
516 1969 714 2018 iussisset,
759 1971 979 2020 signiferum
1024 1978 1261 2011 cunctantem
1303 1973 1430 2012 occidi

45 2024 279 2078 imperavit:
314 2035 390 2075 quo
431 2025 611 2076 exemplo
647 2027 842 2077 perterriti
871 2028 991 2066 ceteri
1022 2027 1173 2067 hostem
1196 2031 1428 2068 invaserunt.

169 2079 208 2119 9.
268 2079 494 2131 Tarquinius
524 2080 710 2119 adversus
732 2081 896 2121 Sabinos
924 2090 1148 2123 cunctantes
1169 2086 1333 2136 equites,
1364 2084 1429 2122 de-

59 2135 191 2174 tractis
219 2135 338 2174 frenis
369 2137 645 2188 concitatisque
681 2139 811 2189 equis,
849 2150 1081 2190 procurrere
1111 2146 1151 2179 et
1178 2151 1429 2191 perrumpere

61 2191 182 2229 aciem
211 2192 332 2230 iussit.

174 2247 238 2288 10.
298 2245 444 2286 Cossus
472 2245 675 2287 Cornelius
705 2250 888 2299 magister
917 2252 1082 2302 equitum
1111 2249 1296 2288 adversus
1319 2248 1429 2288 Fide-

62 2307 173 2340 nates
196 2302 295 2342 idem
317 2303 421 2343 fecit.
