1566 2496
123 120 171 150 VI
683 115 947 147 PRAEFATIO

125 235 247 272 paene
269 223 316 261 de
337 223 453 260 verbo
474 222 675 270 exscripsit
693 223 911 268 Frontinus,
937 232 1052 270 quare
1076 233 1126 259 ex
1146 221 1280 259 eodem
1300 223 1395 259 infra
1421 222 1520 260 inse-

127 282 185 318 rui
205 285 240 318 et
265 291 375 316 anno.
421 280 562 316 Antea:
581 279 628 316 Α.
645 278 824 316 Manlius.

243 335 333 383 Cap.
355 336 402 372 X.
425 341 458 375 1.
479 337 729 382 valentiorem)
750 347 801 372 sc.
825 347 974 383 equum,
995 334 1020 371 i.
1038 345 1071 370 e.
1091 334 1310 372 valentioris
1331 335 1417 382 equi
1433 345 1519 372 cau-

130 394 228 431 dam.
277 393 333 431 Cf.
355 393 419 429 IV.
437 396 471 438 7,
497 395 531 432 6.
553 387 571 445 Η
590 396 627 431 2.
648 394 730 429 lutis
747 396 781 429 et
796 393 945 438 sinen.)
981 390 1045 428 Sic
1074 402 1094 427 e
1115 391 1288 438 vestigiis
1309 402 1401 428 mss.
1429 392 1519 439 legi,

127 462 196 498 pro
218 454 291 487 tum
318 450 482 496 utrisque
510 453 545 485 et
565 450 644 485 sine
658 460 760 485 noxa
781 454 849 486 ost.
887 443 904 501 Η
943 451 978 487 4.
1001 447 1070 484 sibi
1090 449 1195 492 tent.)
1213 447 1283 484 sibi
1298 447 1478 484 revocavi
1498 456 1520 484 e

128 508 232 543 libris
252 506 374 543 bonis.
395 499 414 558 Η
433 506 630 543 concordia
657 507 695 541 in
714 507 826 552 cives)
848 505 871 541 i.
904 516 938 541 e.
960 503 1162 541 concordia
1183 504 1296 550 civili,
1318 503 1523 541 eoncordia

129 565 268 601 civium
287 563 380 599 inter
413 573 454 598 se
477 562 573 598 orta.
611 562 738 607 „Weil
761 573 802 599 es
833 561 922 607 (das
942 564 1037 597 rom.
1058 560 1176 606 Volk)
1199 561 1237 597 in
1265 559 1523 609 bfirgerlicher

129 618 321 657 Eintracht
340 619 536 655 erstarken
557 619 734 656 konntef‘

245 674 336 722 Cap.
355 675 417 711 XI.
439 679 474 714 2.
497 676 558 711 sui
569 677 695 723 pers.)
718 674 931 720 emendavi,
963 683 1033 721 pro
1059 682 1141 711 sua.
1180 671 1235 710 Cl'.
1255 673 1284 713 Ι,
1307 678 1342 718 5,
1365 675 1431 712 16:
1463 673 1525 710 sui

130 736 367 779 contemptus.
406 731 579 769 Cantabr.
608 733 860 779 supersuasio.
881 725 899 784 Η
918 733 954 769 3.
975 730 1216 776 eniterentur)
1246 730 1299 766 Ita
1323 731 1404 775 (aut
1431 730 1523 765 nite-

132 790 278 834 rentur)
300 788 467 824 nonnulli
486 788 587 825 libri=
619 787 720 835 quod
742 788 912 825 subtilius
940 787 1097 822 verbum
1121 789 1201 830 est,
1229 797 1340 833 quam
1361 785 1462 833 quod
1482 785 1524 821 li-

130 845 265 882 brariis
292 844 482 882 debeatur.
526 844 643 890 „Sich
665 844 871 880 aufrichten
903 842 980 879 und
1008 852 1212 880 ermannen
1243 853 1310 879 aus
1342 842 1411 879 der
1437 841 1524 878 Nie-

134 899 515 949 dergeschlagenheit
535 896 614 937 und
633 901 884 948 Verwirrung
906 897 1090 946 (confusis
1114 899 1304 945 animis).“
1353 898 1523 946 Plerique

133 958 216 995 libri
237 962 455 1004 coyerentur
475 958 548 1002 (se.
569 956 618 993 ad
643 959 841 1004 pugnam).
883 955 978 992 Oud.
1001 956 1244 1003 erz'gyerentur.
1282 954 1345 992 An
1363 956 1525 992 concita-

133 1016 292 1051 rentur?
335 1025 407 1060 quo
440 1015 556 1050 verbo
597 1013 633 1049 in
667 1024 712 1049 ea
745 1025 786 1050 re
823 1013 934 1049 utitur
967 1015 1096 1048 noster
1129 1012 1224 1048 infra
1257 1014 1294 1050 4.
1324 1014 1358 1050 6.
1396 1015 1452 1051 19.
1490 1014 1526 1047 et

39 1081 64 1090 *ἢ
135 1071 234 1107 alibi.
255 1066 272 1122 Η
293 1073 325 1110 7.
350 1070 473 1107 eodem
501 1070 559 1106 die
587 1071 722 1115 classe,
743 1080 814 1118 quo
843 1074 946 1105 terra
965 1069 1053 1115 vic.)
1088 1068 1142 1104 Ita
1165 1069 1285 1104 locum
1314 1067 1525 1103 sanandum

135 1139 221 1163 esse
243 1127 382 1176 putavi.
419 1127 564 1174 Vulgo:
588 1126 711 1163 eodem
726 1127 796 1172 die,
818 1137 890 1174 quo
909 1126 1028 1161 classe
1046 1125 1112 1161 vic.
1151 1118 1170 1175 Η
1208 1127 1244 1163 9.
1270 1124 1396 1168 aram)
1426 1123 1524 1160 Libri

134 1195 256 1219 arma.
304 1184 403 1219 Infra
425 1183 567 1219 inserui
583 1183 674 1219 duos
691 1193 774 1218 eum
795 1181 957 1218 Herelio.
978 1175 996 1232 Η
1017 1183 1075 1219 13.
1095 1189 1160 1224 ea,
1188 1191 1264 1227 qua
1294 1181 1381 1216 talia
1407 1183 1526 1225 erunt,

134 1241 245 1287 quae)
269 1241 290 1276 i.
313 1252 343 1277 e.
367 1250 411 1275 ea
429 1244 547 1286 parte,
571 1250 643 1285 qua
665 1239 807 1285 (parte)
829 1249 875 1273 ea
899 1237 1218 1284 (strategemata),
1247 1247 1343 1283 quae
1372 1236 1527 1283 excogi-

133 1299 317 1340 tabantur,
340 1296 426 1331 talia
446 1299 565 1339 erunt,
585 1299 624 1330 ut
645 1305 690 1330 ea
711 1305 732 1330 a
752 1293 829 1330 Diis
860 1304 908 1328 m.
938 1304 1023 1329 esse
1054 1291 1264 1330 credantur.
1302 1292 1355 1328 Ita
1383 1292 1524 1328 restitui

137 1365 156 1387 e
180 1353 342 1398 quinque
364 1351 479 1388 libris.
521 1351 633 1398 Vulg.
653 1359 707 1393 ea,
735 1360 831 1397 quae
861 1350 947 1385 talia
977 1353 1102 1394 erunt,
1134 1349 1288 1397 excoyit.
1327 1343 1344 1401 Η
1380 1351 1437 1387 14.
1459 1359 1525 1384 ra·

127 1410 287 1456 pzcisset)
319 1408 341 1443 i.
366 1417 399 1443 e.
426 1407 645 1444 imbibisset.

251 1463 342 1510 Cap.
373 1462 451 1499 XII.
482 1465 517 1501 3.
546 1463 590 1499 Ρ.
625 1462 770 1509 Sempr.
813 1461 975 1508 Sophus)
1010 1461 1123 1508 Ἴως.
1158 1461 1199 1498 T.
1231 1460 1377 1508 Sempr.
1408 1460 1525 1497 Grac-

137 1522 241 1558 chus.
270 1516 287 1572 Η
317 1524 349 1558 5.
370 1519 595 1564 muneribus)
617 1518 720 1554 Leid.
743 1518 925 1555 mortibus.
968 1516 1086 1554 Ceteri
1103 1517 1306 1566 funeribus.
1343 1511 1360 1569 Η
1394 1519 1430 1556 7.
1450 1528 1526 1564 pro

137 1583 184 1614 tr.
205 1579 440 1625 exciperetur
455 1577 548 1624 sign.
575 1579 609 1612 et
626 1576 678 1611 sic
704 1574 820 1623 conf.)
869 1575 923 1610 Ita
952 1585 999 1610 ex
1026 1574 1370 1627 Petrenffirestitui.
1413 1572 1527 1620 Vulg.

131 1644 206 1681 pro
232 1637 276 1670 tr.
307 1634 573 1681 siqnificatione
597 1630 744 1679 confusi
768 1631 841 1667 mil.
889 1630 966 1667 Sed
996 1641 1127 1668 omnes
1155 1629 1266 1667 codd.
1291 1630 1528 1677 interponunt

138 1691 386 1737 exciperetur.
431 1689 485 1726 Cs.
506 1691 549 1727 8:
572 1699 647 1735 pro
671 1691 805 1724 ostento
820 1688 1044 1734 exciperent.
1073 1681 1091 1739 Η
1117 1690 1153 1726 8.
1181 1687 1385 1722 imminente
1406 1687 1526 1730 nocte)
1557 1720 1562 1723 .

137 1747 217 1782 Liv.
238 1746 364 1781 XLIV.
387 1747 444 1784 37.
472 1746 586 1792 Vulg.
615 1745 853 1780 imminentem
881 1744 979 1789 (sinc
1002 1746 1140 1789 noete):
1173 1742 1273 1790 quod
1297 1740 1529 1790 superfluum

137 1807 289 1849 propter
311 1812 389 1848 seq.
408 1801 590 1849 futurum.
628 1800 763 1837 Medic.
781 1802 996 1836 imminente.
1017 1795 1036 1851 Η
1055 1803 1090 1840 9.
1107 1801 1212 1849 quia)
1234 1798 1296 1836 Sic
1313 1797 1526 1847 legendum,

139 1869 213 1894 non
235 1869 323 1905 qua.
958 1880 965 1887 .

252 1915 331 1949 Lib.
355 1913 398 1948 ΙΙ.
424 1923 506 1958 cap.
528 1911 556 1947 I.
574 1917 609 1950 1.
629 1915 782 1958 oriente)
818 1914 916 1950 Libri
936 1913 1042 1950 haud
1062 1912 1173 1960 pauci
1193 1912 1383 1948 inor-iente.
1428 1908 1527 1944 Intra

141 1976 204 2008 15:
225 1972 361 2007 oriente
379 1970 501 2004 statim
529 1968 597 2004 die.
637 1969 747 2005 Haud
767 1971 882 2005 semel
904 1970 1116 2006 inFrontini
1134 1966 1244 2005 codd.
1267 1971 1402 2003 temere
1420 1974 1528 2011 prae·

139 2027 263 2074 figitur
285 2026 430 2072 syllaba
449 2026 498 2076 in.
517 2018 535 2076 Η
557 2028 593 2067 3,
615 2024 864 2071 Sertorianos)
884 2026 996 2073 Vulg.
1019 2037 1128 2074 quum
1152 2023 1245 2061 Sere.
1319 2026 1354 2059 4.
1385 2026 1419 2056 et
1446 2030 1529 2056 cum
1563 2055 1566 2058 .

139 2083 254 2128 inea.)
292 2083 345 2118 lta
375 2091 505 2117 omnes
528 2092 617 2117 mss.
641 2084 675 2116 et
699 2081 784 2118 edd.
811 2086 887 2118 vet.
935 2083 1060 2130 Vulgo
1088 2092 1161 2116 om.
1186 2082 1231 2116 et.
1327 2079 1361 2116 6.
1391 2079 1527 2122 essent)

142 2138 238 2175 Oud.
257 2140 377 2174 issent.
401 2133 418 2187 Η
438 2140 473 2175 8.
495 2139 532 2173 in
553 2139 681 2184 prima
708 2139 803 2183 acie)
843 2137 943 2181 „den
973 2139 1020 2173 im
1049 2132 1326 2172 Vordertrefl'en
1353 2132 1529 2180 plfitzlich

141 2196 207 2231 mit
229 2195 325 2232 allen
346 2193 495 2229 Krfil'ten
518 2193 799 2240 angegriffenen
827 2194 984 2230 Feind.“
1025 2192 1196 2229 Brevitas
1229 2189 1370 2225 inducit
1396 2190 1530 2225 obseu-

141 2252 299 2287 ritatem.
336 2250 394 2286 An
414 2247 634 2297 legendum:
658 2250 753 2285 adm.
773 2252 876 2286 eliam
892 2249 1060 2292 subsidio,
1081 2247 1234 2283 collectis
1254 2247 1292 2282 in
1308 2246 1432 2292 prima
1447 2245 1531 2281 acie

140 2310 237 2344 univ.
256 2307 400 2353 viribus,
427 2317 534 2355 oppr.
549 2304 583 2353 f.
605 2305 764 2342 hostem?
792 2307 832 2341 In
851 2305 986 2342 eadem
1006 2315 1045 2340 re
1065 2304 1190 2340 Livius
1211 2301 1254 2337 X.
1275 2304 1343 2340 29:
1374 2302 1528 2338 collectis
