1566 2496
124 117 177 156 20
572 126 671 157 SEX.
706 124 821 156 mnu
850 125 1075 157 FRONTINI

666 228 985 290 CApurlx.

346 318 408 348 DE
441 316 691 348 SEDITIONE
713 318 921 355 *MILiTUM
949 317 1300 349 COMPESCENDA.

243 399 276 437 1.
339 397 382 438 C.
417 398 584 438 Marcius
616 398 768 438 Rutilus
806 399 966 448 consul,
1005 402 1089 438 cum
1128 400 1386 450 comperisset
1420 411 1510 439 con-

123 456 272 494 iurasse
297 455 439 494 milites
474 455 511 493 in
539 455 710 494 hibernis
741 454 994 507 Campaniae,
1025 461 1065 494 ut
1091 455 1271 506 iugulatis
1295 455 1510 508 hospitibus

123 513 197 564 ipsi
210 524 275 550 res
291 523 423 550 eorum
441 511 687 562 invaderent,
714 523 905 550 rumorem
920 512 1089 563 spargit,
1113 523 1183 551 eos
1203 511 1343 551 eodem
1364 512 1454 552 loco
1471 519 1511 551 et

122 580 222 607 anno
238 574 333 620 -post
349 568 638 607 hibernaturos:
665 575 778 620 atque
799 569 849 607 ita
871 569 1154 607 coniuratorum
1175 569 1338 607 consilio
1355 569 1508 608 turbato

125 624 370 677 Campaniam
388 625 564 676 periculo
589 625 768 663 liberavit
784 630 821 663 et
841 637 891 663 ex
912 625 1122 664 occasione
1138 631 1327 664 nocentes
1348 626 1509 676 punivit.

238 681 275 720 2.
335 681 375 720 L.
394 681 523 730 Sulla,
548 693 631 720 cum
653 681 829 731 legiones
853 681 991 719 civium
1011 681 1267 720 Romanorum
1289 682 1510 732 perniciosa

123 737 313 777 seditione
344 737 540 787 furerent,
574 738 737 776 consilio
760 738 924 776 restituit
944 738 1144 776 sanitatem
1171 737 1356 776 efferatis.
1415 737 1531 776 Pro--

123 806 220 846 pere
243 795 342 833 enim
370 794 581 833 adnuntiari
609 795 719 832 iussit
747 794 899 832 hostem
929 793 1070 832 adesse
1101 799 1140 831 et
1168 793 1216 832 ad
1240 805 1342 832 arma
1369 804 1508 832 vocan-

122 851 214 889 tium
243 851 450 889 clamorem
473 850 580 900 tolli,
609 852 717 901 signa
739 862 895 890 canere.
955 849 1142 888 Discussa
1163 849 1303 889 seditio
1324 855 1404 900 est,
1426 850 1508 888 uni-

121 908 247 945 versis
272 907 458 946 adversus
488 906 639 945 hostem
662 906 1002 946 consentientibus.
1315 952 1322 955 -

236 963 273 1004 3.
335 962 403 1001 Cn.
423 963 648 1015 Pompeius,
667 963 856 1002 trucidato
874 962 920 1002 ab
942 963 1117 1001 exercitu
1130 961 1339 1001 Mediolani
1359 969 1506 1010 senatu,

121 1032 170 1059 ne
192 1019 388 1058 tumultum
411 1026 607 1069 moveret,
630 1020 662 1057 si
684 1019 792 1058 solos
815 1013 1023 1058 evdcasset
1043 1024 1253 1069 nocentes,
1274 1020 1414 1058 mixtos
1434 1019 1507 1068 eis,

123 1077 187 1128 qui
221 1082 330 1115 extra
360 1076 541 1115 delictum
572 1082 702 1125 erant,
733 1077 866 1115 venire
897 1076 1017 1114 iussit.
1078 1074 1134 1114 Ita
1166 1080 1205 1114 et
1231 1076 1336 1113 noxii
1359 1076 1506 1114 minore

123 1145 209 1172 cum
232 1138 356 1182 metu,
390 1133 477 1183 quia
503 1145 579 1172 non
609 1133 828 1183 segregati,
858 1132 1026 1183 ideoque
1051 1143 1126 1170 non
1149 1143 1199 1169 ex
1225 1142 1339 1169 causa
1368 1131 1506 1183 culpae

119 1189 349 1228 videbantur
370 1190 572 1238 arcessiri,
598 1194 914 1240 comparuerunt;
939 1194 976 1226 et
998 1187 1070 1236 illi,
1093 1186 1231 1239 quibus
1251 1187 1401 1237 integra
1423 1194 1508 1227 erat

122 1246 383 1294 conscientia,
419 1245 682 1284 custodiendis
711 1256 867 1297 quoque
888 1243 1119 1283 nocentibus
1150 1242 1427 1294 adtenderunt,
1456 1256 1504 1282 ne

117 1302 270 1341 illorum
299 1302 389 1351 fuga
417 1303 716 1352 inquinarentur.

233 1359 271 1396 4.
335 1355 378 1395 C.
411 1355 580 1406 Caesar,
614 1369 698 1395 cum
730 1355 918 1407 quaedam
953 1354 1133 1406 legiones
1163 1355 1246 1393 eius
1276 1354 1506 1395 seditionem

119 1415 358 1462 movissent,
381 1413 479 1452 adeo
506 1419 546 1451 ut
566 1413 602 1451 in
629 1413 840 1463 perniciem
863 1423 1018 1463 quoque
1040 1413 1149 1451 ducis
1169 1411 1393 1451 viderentur
1414 1423 1504 1451 con·

119 1476 390 1517 surrecturae,
421 1469 659 1508 dissimulato
688 1475 790 1507 metu
820 1469 1017 1519 processit
1038 1468 1086 1507 ad
1114 1467 1276 1517 milites,
1308 1468 1503 1520 postulan-

119 1526 299 1578 tibusque
335 1526 557 1564 missionem
591 1525 694 1564 ultro
734 1525 871 1563 minaci
901 1523 1007 1562 vultu
1041 1524 1160 1563 dedit.
1219 1523 1503 1563 Exauctoratos
1550 1574 1552 1578 Ι

120 1583 357 1634 poenitentia
390 1583 520 1632 coegit
544 1582 773 1620 satisfacere
795 1581 1017 1632 imperatori
1039 1580 1442 1632 obsequentioresque
1466 1580 1504 1618 iu

117 1639 306 1691 reliquum
327 1650 469 1690 operas
491 1638 622 1679 edere.
1119 1636 1122 1639 ’

674 1749 868 1790 CAPUT
905 1749 958 1788 X.

175 1839 541 1877 QUEMADMODUM
570 1837 914 1869 INTEMPESTIVA
944 1836 1233 1869 POSTULATIO
1262 1835 1450 1868 PUGNAE

660 1894 963 1925 INHIBEATUR.

235 1979 268 2016 1.
331 1978 377 2025 Q.
400 1976 619 2025 Sertorius,
644 1975 747 2026 quod
769 1976 1035 2027 experimento
1054 1974 1241 2013 didicerat
1261 1973 1442 2024 imparem
1459 1984 1502 2011 se

118 2035 301 2074 universo
327 2033 586 2079 Romanorum
609 2032 818 2081 exercitui,
841 2038 880 2070 ut
902 2031 1090 2070 barbaros
1113 2041 1267 2082 quoque
1284 2028 1502 2067 inconsulte

118 2102 285 2143 pugnam
310 2094 573 2141 exposcentes
603 2087 785 2137 doceret,
818 2087 992 2127 adductis
1022 2088 1059 2125 in
1081 2090 1329 2137 conspectum
1351 2083 1501 2123 duobus

119 2148 250 2199 equis,
273 2146 401 2186 altero
427 2144 653 2196 praevalido
683 2143 807 2182 altero
830 2143 1031 2182 admodum
1062 2141 1181 2190 exili,
1213 2141 1309 2180 duos
1332 2139 1503 2179 admovit

118 2205 279 2242 iuvenes
301 2202 475 2241 similiter
492 2200 683 2249 adfectos,
714 2200 913 2238 robustum
935 2205 973 2238 et
994 2198 1202 2249 gracilem:
1232 2202 1270 2235 et
1291 2195 1500 2235 robustiori
1550 2222 1551 2226 ,

118 2260 342 2311 imperavit,
379 2267 481 2309 equo
518 2256 610 2294 exili
640 2257 858 2294 universam
892 2255 1048 2294 caudam
1077 2253 1328 2304 abrumpere,
1361 2251 1500 2303 gracili

120 2322 266 2366 autem,
299 2314 549 2355 valentiorem
580 2324 650 2364 per
672 2312 820 2362 singula
844 2311 1007 2350 vellere.
1069 2308 1239 2360 Cumque
1261 2309 1419 2360 gracilis
1442 2308 1497 2349 fe·
