1566 2496
108 112 160 152 24
546 121 646 169 sax.
678 121 794 153 mnu
825 93 1062 154 Fnommr

102 225 277 265 fiduciam
307 236 463 264 suorum
486 224 678 276 religione
704 225 955 266 adiuvandam
983 231 1112 276 ratus,
1143 238 1268 277 anna,
1300 237 1399 279 quae
1427 239 1491 267 or-

103 283 291 321 namentis
330 281 455 321 adfixa
493 282 531 320 in
560 282 714 334 templis
745 288 875 333 erant,
913 288 1030 322 nocte
1060 282 1250 323 subtraxit
1278 285 1491 335 persuasit·

101 351 176 390 que
213 338 418 390 militibus,
457 338 568 378 Deos
598 339 674 378 iter
703 351 812 378 suum
844 339 979 391 sequi,
1010 345 1051 379 ut
1080 339 1361 392 proeliantibus
1392 341 1491 393 ipsis
1547 375 1549 378 Α

101 395 296 434 adessent.

217 451 281 491 17.
343 449 553 502 Agesilaus
581 450 934 502 Lacedaemonius,
964 463 1050 491 cum
1078 451 1265 504 quosdam
1284 451 1492 493 Persarum

101 509 298 560 cepisset,
341 519 502 559 quorum
541 507 694 547 habitus
727 508 884 548 multum
913 509 1074 548 terroris
1107 508 1281 561 praefert
1309 510 1489 561 quotiens

100 571 212 603 veste
230 565 386 615 tegitur,
418 563 581 603 nudatos
610 564 793 604 militibus
824 565 903 603 suis
929 565 1120 616 ostendit,
1151 571 1192 605 ut
1211 565 1298 605 alba
1320 577 1490 618 corpora

104 627 143 660 et
170 620 382 660 umbratica
415 626 719 660 contemnerent.

219 677 283 717 18.
344 675 441 715 Gelo
469 677 799 726 Syracusanorum
828 683 1026 727 tyrannus,
1057 676 1164 717 bello
1181 677 1370 717 adversus
1389 676 1488 717 Poe·

101 746 172 773 nos
212 738 397 785 suscepto
438 745 522 772 cum
562 733 702 773 multos
735 734 930 785 cepisset,
970 734 1265 780 infirmissimum
1294 745 1490 786 quemque

99 791 313 842 praecipue
343 802 393 828 ex
423 789 692 839 auxiliaribus,
737 791 801 842 qui
837 790 1034 840 nigerrimi
1063 796 1196 840 erant,
1238 789 1418 829 nudatum
1451 791 1489 830 in

99 852 352 898 conspectum
382 857 536 885 suorum
567 846 774 898 produxit,
815 852 856 885 ut
885 846 1141 898 persuaderet
1172 846 1486 886 contemnendos.

215 903 278 943 19.
340 901 463 952 Cyrus
491 915 563 942 rex
591 902 808 952 Persarum,
839 909 879 941 ut
909 904 1122 942 concitaret
1151 903 1298 942 animos
1324 902 1487 955 popula-

98 960 208 1009 rium,
240 964 320 997 tota
351 959 412 998 die
442 960 479 997 in
505 958 719 998 excidenda
743 959 906 1011 quadam
925 959 1024 998 silva
1039 971 1110 998 eos
1127 959 1320 1010 fatigavit;
1347 958 1488 999 deinde
1517 975 1527 985 ·

95 1015 286 1068 postridie
325 1005 519 1068 praestitit
557 1016 614 1055 eis
646 1015 941 1054 liberalissimas
973 1015 1110 1067 epulas
1148 1022 1187 1055 et
1216 1016 1484 1067 interrogavit,

98 1079 184 1111 utro
211 1072 333 1122 magis
361 1072 590 1122 gauderent.
639 1070 811 1123 Cumque
836 1073 874 1111 ei
894 1073 1116 1123 praesentia
1138 1071 1385 1124 probassent,
1414 1071 1485 1111 At-

99 1130 162 1180 qui
192 1141 263 1180 per
299 1128 420 1178 haec,
462 1129 607 1180 inquit,
639 1128 687 1167 ad
717 1128 783 1167 illa
812 1128 1114 1179 perveniendum
1141 1134 1219 1173 est;
1256 1139 1343 1166 nam
1371 1127 1486 1167 liberi

96 1186 281 1236 beatique
311 1197 425 1234 esse,
457 1185 529 1223 nisi
558 1184 695 1223 Medos
725 1185 912 1234 viceritis,
944 1196 1021 1224 non
1050 1185 1228 1236 potestis.
1273 1183 1405 1236 Atque
1433 1185 1484 1223 ita
1521 1182 1545 1204 ”

98 1254 168 1280 eos
193 1242 240 1280 ad
266 1241 511 1293 cupiditatem
541 1241 682 1292 proelii
713 1241 931 1279 concitavit.

212 1297 279 1337 20.
338 1296 380 1336 L.
406 1297 527 1347 Sulla,
563 1297 649 1347 quia
671 1296 857 1335 adversus
872 1295 1121 1346 Archelaum,
1151 1295 1391 1348 praefectum
1414 1295 1484 1335 Mi-

96 1353 292 1402 thridatis,
324 1352 424 1404 apud
446 1353 605 1391 Piraeea
629 1352 863 1403 pigrioribus
894 1352 943 1391 ad
970 1352 1159 1404 proelium
1187 1351 1372 1392 militibus
1400 1358 1484 1391 ute·

95 1410 222 1459 batur,
254 1420 376 1459 opere
409 1420 479 1447 eos
501 1408 699 1460 fatigando
729 1408 914 1460 compulit
939 1409 988 1448 ad
1018 1409 1257 1461 poscendum
1283 1408 1385 1448 ultro
1415 1420 1484 1460 pu-

125 1478 195 1505 nae
217 1478 247 1503 sr
281 1477 379 1503 num.

95 1479 121 1517 g
210 1478 278 1560 2lg.
338 1520 479 1559 Fabius
501 1519 688 1560 Maximus
711 1521 872 1571 veritus,
904 1533 952 1560 ne
972 1533 1046 1572 qua
1076 1520 1214 1559 fiducia
1242 1521 1406 1569 navium,
1435 1519 1483 1559 ad

95 1590 191 1630 quas
220 1577 410 1628 refugium
441 1583 543 1626 erat,
575 1579 696 1616 minus
726 1583 949 1616 constanter
972 1582 1162 1629 pugnaret
1185 1577 1396 1627 exercitus,
1427 1577 1481 1615 in·

97 1634 210 1674 cendi
240 1646 329 1683 eaS,
362 1634 583 1686 priusquam
611 1635 723 1673 iniret
751 1634 963 1686 proelium,
994 1633 1117 1675 iussit.

621 1745 815 1785 CAPUT
854 1745 952 1785 XII.

137 1834 198 1863 DE
220 1832 547 1863 DISSOLVENDO
570 1833 717 1875 METU,
750 1833 879 1871 QUEM
909 1832 1096 1864 MILITES
1122 1833 1185 1863 Ex
1214 1831 1440 1863 ADVERSIS

482 1888 805 1919 CONCEPERINT
851 1889 1089 1921 OMINIBUS.

209 1971 243 2009 1.
306 1971 461 2022 Scipio,
502 1982 551 2008 ex
580 1969 689 2008 Italia
722 1970 759 2007 in
789 1969 962 2009 Africam
994 1975 1255 2021 transportato
1288 1957 1477 2016 exercitu,

92 2040 177 2068 cum
209 2027 416 2077 egrediens
445 2038 581 2065 navem
604 2026 813 2077 prolapsus
835 2032 942 2064 esset
969 2032 1007 2065 et
1034 2026 1084 2065 ob
1111 2026 1187 2064 hoc
1203 2024 1394 2064 adtonitos
1409 2023 1478 2061 mi·

91 2085 181 2124 lites
212 2089 416 2131 cerneret,
458 2076 517 2131 id,
567 2082 670 2133 quod
699 2082 992 2133 trepidationem
1023 2081 1237 2130 adferebat,
1265 2079 1478 2118 constantia

93 2148 132 2180 et
160 2139 419 2190 magnitudine
451 2139 562 2177 animi
590 2139 626 2176 in
655 2138 913 2176 hortationem
943 2139 1135 2177 convertit
1166 2143 1218 2186 et,
1244 2135 1395 2184 Ludite,
1422 2135 1477 2174 in-

92 2198 195 2248 quit,
227 2195 391 2243 milites,
424 2194 595 2233 Africam
626 2194 820 2244 obpressi.

205 2252 244 2292 2.
305 2250 347 2291 C.
367 2250 535 2299 Caesar,
567 2262 650 2288 cum
681 2250 782 2289 forte
801 2249 1069 2289 conscendens
1093 2259 1228 2287 navem
1259 2247 1392 2299 lapsus
1416 2259 1476 2286 es-

92 2316 166 2358 set,
201 2309 334 2348 Teneo
364 2313 417 2359 te,
448 2313 551 2347 terra
575 2311 708 2355 mater,
740 2307 872 2358 inquit.
935 2305 1018 2354 Qua
1038 2304 1354 2356 interpretatione
1383 2303 1476 2343 effe-
