1566 2496
105 119 157 160 26
546 128 646 160 snx.
678 128 795 159 mnu
822 127 1047 159 monum
1065 148 1069 149 γ

222 231 285 272 12.
346 231 533 272 Chabrias
563 230 810 272 Atheniensis
849 231 976 271 classe
1016 230 1286 280 dimicaturus,
1322 238 1490 271 excusso
1539 252 1542 254 -

104 294 192 327 ante
219 300 355 327 navem
384 290 505 341 ipsius
535 289 714 338 fulmine,
743 289 938 327 exterritis
967 299 1040 339 per
1067 287 1146 326 tale
1175 287 1394 339 prodigium
1423 289 1490 330 mi-

104 343 235 383 litibus
274 344 593 398 Nunc„inquit‚
640 346 879 397 potissimum
922 343 1088 383 ineunda
1123 355 1252 395 pugna
1289 349 1364 394 est,
1405 356 1491 383 cum

103 401 277 440 Deorum
306 404 492 441 maximus
524 402 669 454 Iupiter
701 402 840 441 adesse
871 412 1011 439 numen
1041 412 1149 439 suum
1179 399 1296 440 classi
1330 405 1490 439 nostrae

104 457 292 497 ostendit:

498 648 617 712 sEx.
654 649 798 712 luni
825 648 1095 712 FRssN'IINI

193 774 809 823 STRATEGEMATICON
844 773 1030 822 LIBER
1064 771 1403 823 SECUNDUS.

500 1042 508 1047 ἢ
588 985 1014 1028 PRAEFATIO.

224 1080 434 1134 Dispositis
465 1082 587 1133 primo
618 1080 718 1119 libro
746 1080 936 1132 exemplis
962 1081 1218 1131 insu-acturis,
1239 1085 1280 1118 ut
1307 1090 1392 1118 mea
1420 1078 1496 1117 fert

111 1137 258 1189 opini0‚
290 1139 428 1178 ducem
456 1139 494 1176 in
518 1138 591 1187 his,
621 1149 723 1189 quae
751 1143 838 1176 ante
862 1138 1104 1176 commissum
1133 1135 1322 1188 proelium
1346 1134 1496 1186 agenda
1542 1167 1544 1182 ς

112 1200 212 1244 sunt,
241 1195 428 1246 deinceps
451 1194 657 1233 reddemus
684 1193 913 1245 pertinentia
932 1193 978 1232 ad
996 1205 1063 1244 ea,
1092 1204 1190 1244 quae
1211 1193 1249 1231 in
1269 1192 1357 1244 ipso
1379 1202 1496 1244 proe-

111 1251 163 1289 lio
185 1253 246 1301 agi
278 1252 428 1300 solent,
464 1257 503 1289 et
527 1250 665 1289 deinde
697 1261 763 1298 ea,
796 1261 895 1300 quae
925 1255 1015 1300 post
1046 1248 1248 1300 proelium.

221 1307 379 1357 Eorum,
409 1319 509 1358 quae
543 1306 590 1345 ad
623 1305 811 1357 proelium
840 1306 1052 1356 pertinent,
1085 1305 1240 1357 species
1272 1309 1378 1342 sunt:

246 1364 274 1403 1.
333 1363 392 1402 De
422 1370 599 1413 tempore
631 1361 678 1400 ad
708 1373 874 1412 pugnam
896 1361 1092 1411 eligendo.

226 1419 274 1457 II.
333 1419 392 1458 De
422 1419 512 1457 loco
544 1417 592 1456 ad
623 1429 788 1468 pugnam
818 1417 1013 1468 eligendo.

208 1475 275 1515 ΠΙ.
332 1475 392 1514 De
422 1476 507 1513 acie
537 1473 758 1512 ordinanda.

207 1533 274 1572 lv,
333 1532 392 1570 De
423 1532 507 1570 acie
536 1530 702 1569 hostium
729 1528 929 1569 turbanda.

226 1589 274 1627 V.
333 1588 392 1627 De
423 1587 581 1626 insidiis.
1124 1634 1126 1637 .

207 1645 276 1684 vl.
336 1645 396 1684 De
427 1643 635 1682 emittendo
656 1642 791 1692 hoste,
821 1654 870 1680 ne
898 1641 1051 1681 clausus
1074 1640 1264 1692 proeIIum
1284 1651 1334 1679 ex
1359 1640 1499 1691 despe-

394 1701 542 1739 ratione
571 1699 826 1750 redintegret.
852 1734 867 1741 ,
973 1700 977 1711 ”

194 1757 278 1796 Vll.
338 1758 397 1796 De
428 1756 712 1796 dissimulandis
742 1755 930 1794 adversis.

176 1815 278 1854 V111.
338 1813 397 1852 De
429 1812 664 1852 restituenda
687 1824 758 1863 per
779 1811 1029 1850 constantiam
1044 1809 1143 1848 acie.

230 1871 375 1910 Eorum
392 1869 547 1918 deinde,
577 1880 676 1919 quae
701 1874 789 1919 post
811 1867 1001 1920 proelium
1019 1865 1168 1917 agenda
1190 1871 1290 1915 sunt,
1321 1864 1391 1903 lias
1413 1875 1503 1902 esse
1535 1873 1544 1909 j

117 1928 274 1979 species
303 1925 612 1965 existimaverim.

211 1983 277 2022 IX.
338 1982 377 2021 Si
408 1994 472 2020 res
496 1993 686 2031 prospere
711 1981 897 2030 cesserit,
921 1979 970 2018 de
993 1977 1298 2018 consummandis
1326 1974 1501 2026 reliquiis

394 2037 502 2076 belli.

233 2094 280 2133 X.
339 2095 379 2132 Si
410 2106 474 2132 res
506 2093 635 2132 durius
663 2093 848 2140 cesserit,
876 2092 924 2130 de
955 2090 1129 2130 adversis
1160 2085 1421 2127 emendandis.

215 2150 316 2190 XL·
339 2150 398 2189 De
431 2149 635 2188 dubiorum
666 2149 798 2187 animis
830 2149 867 2186 in
897 2148 971 2186 fide
995 2144 1218 2185 retinendis.

197 2206 280 2246 XII.
340 2207 449 2255 Quae
481 2204 656 2244 facienda
688 2206 762 2242 sint
790 2216 859 2255 pro
892 2204 1054 2251 castris,
1090 2202 1122 2239 si
1152 2200 1246 2238 satis
1277 2198 1440 2238 fiduciae
1467 2199 1526 2238 in'

395 2260 664 2314 praesentibus
696 2261 818 2312 copiis
846 2272 921 2299 non
951 2259 1170 2299 habeamus.

179 2319 280 2359 XIII.
339 2319 398 2358 De
431 2316 665 2368 effugiendo.
