1566 2496
128 157 179 197 78
567 168 667 200 SEX.
698 170 814 201 1UL11
843 171 1066 204 monum

624 273 654 313 C
666 273 699 313 A
709 275 738 315 P
747 274 782 314 U
794 274 825 314 T
852 274 889 315 X
897 276 933 315 V
941 275 958 315 1
966 275 984 315 Ι
991 275 1022 316 Ι.

453 360 516 390 DE
547 360 841 395 coNsTANmA
866 363 1179 396 onsessomm.

244 442 278 480 1.
335 441 517 493 Romani,
557 444 758 484 adsidente
796 443 998 483 moenibus
1034 443 1269 495 Hannibale,
1311 452 1506 486 ostentan-

126 498 198 536 dae
220 498 383 538 fiduciae
405 500 527 550 gratia
547 501 857 552 supplementum
879 501 1130 552 exercitibus,
1159 513 1257 554 quos
1274 503 1310 541 in
1325 503 1507 556 HispanIa

125 554 343 604 habebant,
375 555 528 596 diversa
557 564 669 608 porta
697 558 894 596 miserunt.

238 610 278 648 2.
334 611 453 651 Iidem
485 626 640 663 agrum,
677 615 714 652 in
745 625 820 665 quo
853 619 979 652 castra
1006 613 1193 653 Hannibal
1222 613 1413 665 babebat,
1439 615 1505 654 de-

125 667 257 706 functo
290 667 392 707 forte
431 668 584 708 domino
614 671 792 709 venalem
829 670 877 709 ad
916 669 953 708 id
983 670 1148 720 pretium
1180 670 1335 711 licendo
1364 672 1504 724 perdu—

125 729 285 774 xerunt,
316 735 392 775 quo
423 725 455 763 is
486 738 581 776 ager
615 733 701 765 ante
731 726 874 766 bellum
902 727 1091 764 venierat.

238 779 276 819 3.
333 780 473 831 Iidem,
506 782 592 821 dum
621 782 667 821 ab
698 782 910 822 Hannibale
941 781 1190 831 obsidentur,
1217 788 1256 821 et
1284 783 1359 834 ipsi
1389 782 1504 822 obse—
1563 821 1566 823 .

125 837 261 875 derunt
286 834 454 887 Capuam
480 838 837 891 decreveruntque,
867 851 916 877 ne
943 839 1014 877 nisi
1044 844 1156 891 capta
1181 850 1226 879 ea
1253 845 1506 879 revocaretur

124 893 212 932 inde
242 893 452 932 exercitus.

673 1003 955 1010 ——-——

523 1132 641 1196 SEX.
671 1134 811 1197 IULII
837 1131 1104 1196 FRoN'lel

231 1256 845 1305 STRATEGEMATICON
872 1256 1054 1303 LIBER
1085 1256 1386 1312 QUARTUS.

604 1456 1022 1499 PRAEFATIO.

233 1559 351 1598 Multa
382 1560 552 1598 lectione
579 1559 804 1611 conquisitis
825 1558 1159 1610 strategematibus
1185 1565 1223 1598 et
1254 1571 1330 1598 non
1356 1562 1498 1612 exiguo

123 1616 306 1668 scrupulo
329 1616 514 1666 digestis,
547 1622 586 1655 ut
615 1616 844 1668 promissum
867 1617 976 1654 trium
1002 1615 1185 1654 librorum
1216 1616 1439 1668 implerem,
1466 1618 1499 1656 si

121 1674 236 1712 modo
275 1673 451 1724 implevi,
490 1674 526 1710 in
564 1673 640 1711 hoc
678 1672 873 1711 exhibebo
912 1684 982 1721 ea,
1026 1683 1124 1723 quae
1151 1684 1284 1723 parum
1311 1678 1401 1724 apte
1432 1673 1498 1712 de-

124 1730 322 1781 scriptioni
357 1730 525 1780 priorum
560 1729 606 1768 ad
636 1729 811 1780 speciem
841 1728 1005 1778 adligata
1040 1728 1178 1767 subiici
1209 1728 1436 1768 videbantur
1461 1735 1499 1768 et

121 1792 229 1825 erant
251 1785 430 1837 exempla
454 1786 580 1836 potius
610 1786 847 1835 strategicon
870 1797 978 1835 quam
1006 1786 1368 1835 strategematicon:
1401 1798 1499 1838 quae

120 1843 267 1881 idcirco
301 1843 502 1892 separavi,
536 1843 647 1893 quia,
681 1842 850 1892 quamvis
882 1840 1001 1890 clara,
1029 1840 1208 1880 diversae
1238 1847 1365 1880 tamen
1391 1848 1500 1881 erant

122 1897 378 1946 substantiae,
410 1910 482 1946 ne,
515 1898 546 1935 si
573 1899 635 1948 qui
664 1898 764 1936 forte
795 1899 831 1936 in
862 1897 988 1948 aliqua
1020 1909 1070 1935 ex
1094 1896 1152 1936 his
1173 1897 1419 1947 incidissent,
1449 1899 1498 1936 si-

121 1953 331 1992 militudine
353 1954 497 1992 inducti
519 1955 790 2004 praetermissa
811 1954 1070 2006 opinarentur.
1118 1952 1167 1992 Et
1189 1965 1283 1992 sane
1303 1966 1369 1992 res
1392 1954 1499 1992 velut

120 2010 274 2049 residua
305 2009 547 2060 expedienda
575 2010 663 2048 fuit:
693 2012 730 2048 in
754 2022 827 2061 qua
852 2010 950 2048 sicut
979 2015 1090 2049 antea
1118 2009 1290 2049 ordinem
1313 2022 1384 2062 per
1408 2021 1497 2060 spe-

122 2067 202 2106 cies
231 2077 391 2103 servare
423 2065 607 2104 conabor.

232 2121 262 2160 1.
321 2120 380 2159 De
410 2121 626 2172 disciplina.

216 2177 262 2217 11.
319 2177 379 2216 De
410 2176 551 2215 effectu
581 2178 820 2232 disciplinae.

196 2234 262 2273 ΙΙΙ.
322 2233 381 2272 De
411 2233 654 2273 continentia.

198 2290 263 2329 lv.
324 2289 383 2328 De
417 2289 569 2328 iustitia.

217 2346 263 2384 V.
325 2345 384 2385 De
414 2346 638 2385 constantia.
