1566 2496
226 119 673 179 srmm‘cnuxrrcos
699 129 792 161 Lm.
823 129 890 160 111.
922 127 1023 160 cAP.
1055 129 1117 159 ιχ.
1141 129 1185 159 x.
1336 118 1389 159 69

21 236 107 275 dam
137 235 326 274 civitatem
347 245 487 284 magno
512 245 702 272 consensu
725 232 1010 272 defendentium
1032 238 1168 280 tutam,
1200 237 1315 270 noctu
1342 230 1390 269 ab

21 303 70 330 ea
98 297 208 344 parte
230 301 445 338 murorum,
474 301 572 341 quae
595 289 688 328 mari
714 288 938 338 adiacebat,
970 288 1175 327 classicum
1205 288 1289 326 cani
1313 286 1391 326 cla·

19 358 242 398 moremque
270 345 355 386 tolli
384 346 505 385 iussit.
565 344 705 384 Hostes
730 351 969 396 penetratum
997 344 1091 383 illac
1112 343 1294 396 oppidum
1321 343 1394 381 rati

19 403 257 456 reliquerunt
299 407 456 454 portas,
500 413 572 454 per
608 413 704 453 quas
737 400 912 440 Pericles
954 400 1157 440 destitutas
1196 399 1392 451 praesidio

21 459 99 498 irru
129 459 170 498 it.

102 471 173 555 PG.
233 512 457 552 Alcibiades
483 512 559 551 dux
587 511 877 551 Atheniensium
907 511 1110 562 Cyzicum,
1146 510 1392 562 obpugnandi

21 571 105 610 eius
142 581 285 618 causa,
314 569 502 618 accessit,
541 569 610 607 sed
648 580 699 607 ex
725 569 878 608 diversa
909 574 1019 620 parte
1049 568 1238 606 moenium
1266 567 1392 605 corui-

22 628 129 666 cines
169 637 311 665 canere
349 625 472 664 iussit.
532 624 607 673 Qui
644 623 827 664 sufficere
864 625 1160 676 propugnationi
1200 634 1393 662 murorum

23 687 229 733 poterant,
258 681 305 720 ad
334 680 372 720 id
400 681 523 730 latus,
553 693 574 719 a
605 692 682 731 quo
712 681 799 719 solo
829 693 872 720 se
903 681 1041 720 tentari
1070 679 1275 731 putabant,
1307 690 1393 717 cum

25 737 282 784 confluerent,
318 736 408 785 ille,
451 748 525 787 qua
559 748 635 774 non
665 736 945 786 obsistebatur,
982 747 1113 775 muros
1143 734 1392 774 transcendit.

138 793 178 831 7.
234 791 493 840 Thrasybulus
528 792 603 830 dux
634 791 892 841 Milesiorum,
935 799 974 831 ut
1011 798 1158 843 portum
1189 792 1393 840 Sicyonio-

26 860 109 886 rum
148 853 379 898 occuparet,
412 859 434 885 a
466 853 569 886 terra
604 847 765 886 subinde
795 849 1010 899 oppidanos
1039 848 1218 889 tentavit:
1256 853 1294 885 et
1325 846 1392 885 illo

27 915 104 955 quo
130 902 422 942 lacessebautur
451 903 650 941 conversis
680 902 877 953 hostibus,
908 904 1035 943 classe
1060 904 1098 941 vi
1127 904 1395 954 inexspectata

27 965 178 1011 portum
207 959 322 1010 cepit.
1260 1006 1265 1009 ξ

138 1014 178 1058 8.
228 1014 424 1065 Philippus
452 1014 488 1051 in
515 1012 717 1052 obsidione
745 1014 939 1053 cuiusdam
965 1014 1172 1053 maritimae
1204 1013 1307 1052 urbis
1338 1013 1394 1052 bi-

28 1083 96 1109 nas
131 1082 252 1110 naves
284 1069 420 1122 procul
459 1081 481 1107 a
518 1076 729 1121 conspectu
764 1070 1025 1109 contabulavit
1060 1071 1396 1121 superstruxitque

28 1128 85 1165 eis
113 1133 257 1166 turres:
285 1126 372 1164 aliis
402 1125 539 1164 deinde
567 1125 733 1164 turribus
757 1126 913 1165 adortus
939 1139 960 1166 a
984 1132 1108 1174 terra,
1138 1126 1224 1165 dum
1252 1127 1396 1164 eminus

28 1189 336 1235 propugnatores
369 1181 578 1232 distringit,
616 1182 769 1220 turritas
804 1194 924 1221 naves
958 1194 979 1221 a
1008 1182 1102 1221 mari
1132 1182 1313 1234 adplicuit
1343 1188 1395 1230 et,

29 1250 103 1290 qua
130 1249 207 1279 non
234 1236 507 1286 resistebatur,
538 1237 651 1275 subiit
676 1249 819 1280 muros.

140 1294 179 1334 9.
232 1293 405 1333 Pericles
446 1293 815 1344 Peloponnesiorum
849 1293 1050 1332 castellum
1091 1293 1395 1345 obpugnaturus,

28 1351 65 1388 in
96 1350 198 1401 quod
224 1350 299 1389 duo
329 1350 479 1387 omnino
512 1355 619 1387 erant
648 1361 855 1393 accessus,
887 1349 1049 1388 alterum
1079 1350 1187 1388 rossa
1216 1349 1396 1387 interclu-

28 1407 99 1455 sit,
129 1405 290 1444 alterum
318 1407 463 1443 munire
486 1406 655 1444 instituit.
716 1404 927 1445 Castellani
954 1406 1175 1445 securiores
1201 1405 1249 1443 ab
1277 1405 1400 1443 altera

28 1467 138 1512 parte
162 1461 254 1500 facti
282 1473 365 1500 eam
390 1461 535 1510 solam,
567 1473 676 1512 quam
698 1463 831 1500 muniri
851 1461 1052 1511 videbant,
1081 1461 1276 1500 custodire
1308 1472 1397 1499 coe·

28 1524 180 1568 perant.
234 1516 406 1556 Pericles
436 1518 675 1568 praeparatis
704 1518 884 1568 pontibus
912 1518 1142 1569 iniectisque
1173 1529 1290 1568 super
1319 1517 1397 1555 fos-

31 1584 133 1622 sam,
164 1584 237 1623 qna
265 1584 342 1610 non
371 1572 600 1621 cavebatur,
629 1573 743 1611 subiit
772 1572 987 1612 castellnm.

146 1628 211 1666 10.
262 1627 474 1666 Antiochus
490 1628 676 1667 adversus
691 1627 885 1679 Ephesios
900 1627 1074 1677 Rhodiis,
1092 1640 1190 1680 quos
1205 1630 1242 1667 in
1258 1629 1401 1667 auxilio

34 1681 220 1731 habebat,
249 1684 472 1733 praecepit,
502 1688 541 1720 ut
571 1690 686 1722 nocte
714 1690 863 1734 portum
886 1696 969 1722 cum
995 1696 1133 1734 magno
1157 1685 1319 1736 strepitu
1348 1685 1402 1722 in·

36 1736 243 1775 vaderent:
274 1737 321 1775 ad
347 1749 457 1788 quam
482 1743 629 1788 partem
654 1740 753 1777 omni
777 1739 1012 1779 multitudine
1038 1752 1122 1778 cnm
1151 1741 1308 1779 tumultu
1336 1740 1402 1780 de-

36 1798 239 1842 currente,
285 1793 435 1831 nudatis
477 1793 684 1832 defensore
727 1795 887 1846 reliquis
927 1796 1218 1846 munitionibus,
1256 1798 1341 1848 ipse
1380 1809 1402 1836 a

32 1847 187 1887 diverso
214 1848 423 1898 adgressus
449 1849 639 1888 civitatem
668 1851 784 1901 cepit.

579 2002 775 2042 CAPUT
810 2004 859 2043 X.

173 2089 234 2118 DE
262 2088 467 2131 Ixsmns,
496 2089 585 2119 PER
612 2089 729 2128 QUAS
758 2091 1039 2123 ELICIANTUR
1071 2094 1261 2125 HOSTES.

149 2181 184 2218 1.
244 2178 340 2219 Cato
383 2180 419 2217 in
456 2186 669 2231 conspectu
707 2181 1005 2234 Lacetanorum,
1043 2197 1141 2237 quos
1185 2184 1401 2233 obsidebat,

36 2234 194 2285 reliquis
223 2247 375 2274 suorum
406 2235 611 2284 submotis,
643 2237 899 2277 Suessetanos
928 2241 1112 2291 quosdam
1144 2253 1192 2279 ex
1213 2239 1403 2278 auxiliari-

38 2290 110 2329 bus
143 2292 303 2331 maxime
341 2291 518 2331 imbelles
550 2291 708 2342 adgredi
739 2295 887 2333 moenia
917 2296 1047 2334 iussit:
1086 2296 1158 2334 hos
1189 2307 1272 2333 cum
1303 2295 1403 2335 facta
