1566 2496
124 119 150 158 2
568 128 668 159 SEX.
700 129 817 160 mnu
847 129 1072 161 FRONTmI

123 230 289 271 nondum
320 231 550 276 commisso;
588 232 625 270 in
663 233 858 283 secundo,
897 246 996 285 quae
1027 233 1075 273 ad
1112 233 1302 285 proelium
1345 239 1384 273 et
1414 246 1506 274 con-

122 289 264 327 fectam
285 289 529 339 pacationem
551 289 790 339 pertineant;
813 291 949 329 tertius
971 289 1195 330 inferendae
1211 290 1505 343 solvendaeque

125 344 340 383 obsid10nis
368 344 526 384 habebit
561 350 855 397 strategemata:
898 346 1035 398 quibus
1076 346 1261 398 deinceps
1294 347 1503 398 generibus

123 413 213 440 suas
244 402 399 452 species
430 400 607 440 adtribui.

234 456 332 496 Huic
369 457 493 496 labori
530 469 606 496 non
640 458 778 497 iniuste
816 460 966 498 veniam
1002 460 1202 511 paciscar,
1242 472 1291 498 ne
1328 471 1389 498 me
1428 471 1502 511 pro

120 515 318 553 incurioso
345 513 626 565 reprehendat,
664 516 728 566 qui
764 517 1013 566 praeteritum
1052 516 1208 568 aliquod
1237 529 1258 556 a
1295 515 1407 555 nobis
1437 527 1500 555 re-

119 571 266 622 pererit
306 570 539 622 exemplum.
599 570 694 619 Quis
725 571 823 609 enim
853 572 899 611 ad
927 573 1194 624 percensenda
1219 574 1342 611 omnia
1372 583 1503 611 monu-

119 633 266 676 menta,
300 638 398 677 quae
427 632 588 678 utraque
615 627 744 678 lingua
767 627 904 667 tradita
934 635 1041 678 sunt,
1069 627 1262 668 sufficiat?
1314 627 1363 667 Ut
1387 628 1503 666 multa

121 683 343 732 transirem,
374 683 465 721 mihi
499 684 586 735 ipse
623 684 800 735 permisi;
837 685 939 736 quod
974 697 1036 724 me
1072 697 1150 725 non
1188 686 1270 724 sine
1299 696 1414 724 causa
1445 684 1501 722 fe-

124 740 226 778 cisse
249 739 392 788 scient‚
420 740 483 791 qui
504 739 663 778 aliorum
687 739 810 778 libros
837 741 972 780 eadem
998 742 1298 793 promittentium
1318 740 1500 791 legerint.

120 795 263 834 Verum
292 794 408 834 facile
440 797 531 846 erit,
560 796 630 835 sub
661 808 729 835 sua
751 809 931 849 quaeque
962 799 1097 849 specie
1119 798 1349 849 subgerere.
1409 795 1503 835 Nam

122 864 206 890 cum
250 851 326 890 hoc
365 863 483 903 opus,
531 853 630 891 sicut
665 858 820 902 cetera,
864 866 954 892 usus
994 856 1124 906 potius
1159 854 1342 902 aliorum,
1392 865 1503 904 quam

120 920 231 946 meae
263 908 605 952 commendationis
632 921 747 947 causa
777 910 988 960 adgressus
1026 912 1121 961 sim,
1161 910 1331 954 adiuvari
1360 921 1420 948 me
1453 908 1504 948 ab

122 964 203 1013 his⁷
232 965 296 1015 qui
325 964 466 1016 aliquid
497 965 552 1005 illi
582 965 800 1014 adsument,
828 978 904 1004 non
933 968 1041 1018 argui
1068 967 1235 1006 credam.

235 1021 276 1059 Si
307 1021 368 1072 qui
401 1027 530 1070 erunt,
562 1021 698 1073 quibus
728 1022 921 1062 volumina
946 1023 1043 1063 haec
1066 1024 1173 1063 cordi
1200 1023 1295 1072 siut,
1320 1023 1501 1062 memine-

119 1077 217 1126 rint,
248 1079 589 1128 strategematicon
622 1084 661 1117 et
694 1084 997 1129 strategematon
1029 1091 1214 1132 perquam
1250 1078 1410 1117 similem
1437 1090 1502 1116 na-

122 1139 243 1171 turam
273 1133 513 1172 discernere.
572 1134 667 1173 Nam
706 1147 790 1174 cum
824 1137 972 1185 omnia,
1013 1147 1111 1187 quae
1141 1146 1164 1174 a
1193 1135 1291 1174 duce
1321 1134 1499 1185 provide,

120 1189 287 1239 utiliter,
315 1190 542 1241 magnifice,
573 1197 795 1230 constanter
824 1191 934 1240 fiunt,
966 1191 1277 1242 strategematica
1302 1189 1500 1229 habebun-

120 1252 201 1295 tur,
241 1252 341 1295 tum,
384 1247 415 1285 si
454 1247 491 1285 in
527 1248 662 1298 specie
701 1259 833 1285 eorum
865 1253 973 1297 sunt,
1010 1252 1299 1298 strategemata.
1357 1246 1503 1285 Horum

119 1302 279 1353 proprie
318 1303 377 1340 vis
406 1304 443 1340 in
477 1309 560 1341 arte
595 1302 849 1353 sollertiaque
883 1305 1009 1354 posita
1046 1304 1201 1356 prolicit
1231 1309 1310 1341 tam
1335 1302 1399 1342 ubi
1436 1313 1502 1341 ca-

119 1357 266 1396 vendus
302 1370 413 1409 quam
449 1358 515 1397 ubi
556 1358 834 1410 opprimendus
873 1358 996 1399 hostis
1033 1362 1094 1399 sit.
1155 1359 1239 1408 Qua
1268 1360 1305 1398 in
1341 1371 1384 1398 re
1415 1370 1500 1397 cum
1539 1358 1543 1362 ’

119 1413 327 1452 verborum
363 1425 519 1466 quoque
556 1415 716 1454 illustris
747 1415 940 1455 exstiterit
987 1417 1174 1478 effectus,
1210 1421 1250 1455 ut
1294 1412 1531 1463 factorum‚‘

118 1470 169 1508 ita
199 1469 388 1509 dictorum
419 1471 598 1523 exempla
629 1472 840 1523 p'osuimus.

522 1697 639 1761 sax.
670 1698 810 1783 mm
835 1697 1101 1762 inuium

268 1820 884 1871 STRATEGEMATICON
911 1822 1093 1871 LIBER
1122 1821 1363 1874 PRJMUS.
1414 1864 1421 1871 ,.
1452 1822 1467 1890 J

230 2024 365 2063 Series
395 2036 553 2076 eor-um,
586 2037 684 2076 quae
715 2026 900 2066 instruant
930 2027 1066 2066 ducem
1104 2029 1142 2067 in
1170 2027 1253 2077 his,
1285 2035 1384 2076 quae
1411 2030 1500 2064 ante
1544 2069 1547 2074 ,

120 2079 308 2132 proelium
334 2081 507 2131 gerenda
538 2088 635 2120 sunt.

242 2135 272 2175 1.
303 2135 365 2175 De
395 2135 635 2177 occultandis
667 2139 853 2178 consiliis.

230 2192 279 2232 11.
307 2191 368 2232 De
398 2192 646 2244 explorandis
672 2196 843 2235 consiliis
872 2196 1047 2237 hostium.

211 2248 278 2288 ΙΙΙ.
309 2248 370 2288 De
399 2250 671 2298 constituendo
702 2257 802 2290 statu
831 2251 936 2290 belli.

212 2305 276 2345 lv.
307 2304 367 2346 De
393 2305 678 2346 transducendo
709 2306 883 2347 exercitu
915 2320 985 2360 per
1014 2307 1101 2346 loca
1129 2306 1232 2347 hosti
1263 2305 1428 2359 insessa.
