1566 2496
126 125 179 164 22
570 134 669 165 SEX.
701 135 817 166 1UL11
846 134 1071 166 Fnon'rmr

126 240 257 291 primis
274 238 479 278 'ordinibus
500 246 537 279 et
560 238 869 288 centurionibus,
901 245 1080 290 quantum
1102 238 1266 290 quisque
1288 243 1509 276 numeratae
1552 267 1554 269 .

126 296 313 347 pecuniae
349 292 410 335 au‘t
441 298 521 336 auri
551 297 779 347 argentique
810 294 994 345 haberet,
1032 294 1229 334 conferret
1241 294 1264 344 ,'
1282 300 1323 333 ut
1350 305 1509 346 reprae-

126 353 269 391 sentari
299 365 452 391 merces
481 353 743 406 proditoribus
769 358 927 403 posset;
969 364 1012 391 se
1043 357 1168 391 autem
1195 350 1277 399 his,
1318 351 1383 401 qui
1418 361 1510 389 con-

126 409 326 460 tulissent,
365 409 563 460 pollicitus
603 415 663 448 est
703 413 962 447 consummata
995 408 1155 447 victoria
1191 406 1319 458 ampla
1352 407 1512 457 insuper

127 466 299 517 praemia
338 465 523 505 daturum.
586 466 694 514 Quae
727 466 783 504 sui
820 465 1023 518 persuasio
1054 463 1236 503 Romanis
1272 463 1510 502 alacritatem

126 522 260 560 adtulit
291 528 328 560 et
358 522 558 561 fiduciam:
585 523 688 561 unde
713 522 827 560 etiam
855 520 1058 573 praeclara
1086 520 1273 569 victoria,
1303 519 1510 557 commisso

126 578 250 617 statim
274 578 402 628 bello,
434 585 583 630 patrata
609 585 683 618 est.
1503 594 1507 598 ”

238 634 275 674 3.
338 633 380 672 C.
403 633 562 685 Caesar,
595 635 781 674 adversus
803 634 1013 673 Germanos
1037 639 1077 671 et
1096 632 1332 671 Ariovistum
1363 643 1510 682 pugna·

125 697 252 740 turus,
285 691 456 730 confusis
488 703 642 730 suorum
672 691 804 730 animis
831 702 902 741 pro
929 689 1118 729 concione
1147 689 1262 735 dixit,
1290 687 1432 727 nullius
1467 699 1510 726 se

127 758 175 785 eo
200 747 262 786 die
280 758 400 798 opera
422 749 494 786 nisi
511 747 684 787 decimae
705 748 872 797 legionis
888 758 1063 784 usurum:
1095 755 1171 796 quo
1186 750 1419 783 consecutus
1436 750 1527 792 est,¹

126 810 165 841 ut
191 803 380 842 decimani
407 811 594 855 tamquam
621 804 856 855 praecipuae
887 801 1121 841 fortitudinis
1150 801 1370 839 testimonio
1392 801 1511 839 enite*

126 865 284 909 rentur,
322 866 359 898 et
381 862 503 899 ceteri
530 860 702 912 pudore,
732 872 781 898 ne
805 871 927 911 penes
943 858 1053 900 ,alios
1070 857 1194 908 gloria
1219 856 1511 896 virtutis⁴esset.

239 918 278 955 4.
341 916 387 964 Q.
420 916 585 966 Fabius,
624 916 690 968 qui
721 916 883 967 egregie
919 913 1092 964 sciebat,
1135 919 1174 952 et
1202 912 1397 952 Romanos
1429 913 1511 951 eius

131 985 221 1011 esse
252 972 465 1023 libertatis,
498 986 598 1025 quae
631 972 862 1011 contumelia
901 975 1221 1022 exasperaretur,
1248 974 1286 1008 et
1320 981 1341 1008 a
1371 964 1533 1008 Poenis'

126 1029 218 1067 nihil
239 1029 374 1067 iustum
396 1036 459 1068 aut
487 1030 725 1068 moderatum
751 1027 1028 1080 exspectabat,
1057 1027 1157 1064 misit
1177 1025 1330 1076 legatos
1351 1023 1512 1064 Cartha-

126 1086 252 1136 ginem
284 1085 332 1124 dc
365 1080 648 1125 conditionibus
678 1085 809 1136 pacis:
842 1096 936 1136 quas
968 1095 1053 1122 cum
1082 1081 1137 1120 illi
1167 1082 1378 1133 iniquitatis·
1397 1087 1436 1120 et
1459 1082 1511 1118 in-

127 1142 316 1180 solentiae
339 1142 475 1193 plenas
499 1143 746 1191 retulissent,
778 1141 974 1180 exercitus
997 1138 1252 1177 Romanorum
1272 1137 1319 1176 ad
1341 1148 1511 1188 pugnan·
1550 1174 1551 1178 ,

129 1199 215 1236 dum
247 1199 462 1237 concitatus
494 1205 565 1238 est.

241 1255 277 1294 5.
338 1254 545 1305 Agesilaus
567 1253 958 1293 Lacedaemoniorum
982 1251 1079 1299 dux,
1113 1261 1197 1289 cum
1220 1260 1344 1300 prope
1367 1247 1416 1287 ab
1440 1247 1511 1286 Or-

128 1310 316 1348 chomeno
347 1312 454 1348 socia
486 1311 639 1349 civitate
671 1315 795 1347 castra
827 1307 988 1346 haberet
1029 1307 1386 1358 comperissetque,
1426 1303 1510 1356 ple-

126 1378 271 1416 rosque
303 1379 351 1404 ex
381 1366 564 1405 militibus
586 1365 863 1417 pretiosissima
894 1375 1021 1401 rerum
1045 1363 1244 1414 deponere
1270 1362 1367 1399 intra
1393 1361 1511 1399 muni-

126 1428 274 1471 menta,
307 1423 509 1474 praecepit
534 1422 759 1474 oppidaniS,
790 1433 839 1458 ne
862 1419 951 1470 quid
979 1419 1025 1458 ad
1057 1419 1268 1457 exercitum
1294 1429 1402 1456 suum
1423 1428 1512 1468 per-

126 1479 251 1516 tinens
281 1479 538 1530 reciperetur,
572 1490 647 1529 quo
678 1477 872 1516 ardentius
903 1475 1101 1514 dimicaret
1130 1474 1265 1524 miles,
1298 1473 1363 1525 qui
1392 1474 1512 1512 sciret

127 1534 201 1573 sibi
231 1546 301 1586 pro
335 1534 509 1573 omnibus
535 1536 614 1572 suis
644 1532 899 1585 pugnandum.

242 1591 279 1629 6.
341 1590 626 1642 Epaminondas
663 1590 739 1628 dux
768 1588 1062 1636 Thebanorum,
1101 1586 1287 1625 adversus
1317 1583 1512 1624 Lacedae·

127 1649 276 1685 monios
308 1647 576 1695 dimicaturus,
605 1653 644 1685 ut
674 1658 749 1684 non
780 1645 905 1684 solum
924 1644 1068 1691 viribus
1100 1643 1238 1681 milites
1270 1641 1348 1689 sui,
1379 1653 1513 1679 verum

129 1705 242 1741 otiam
276 1704 493 1743 adfectibus
524 1703 817 1751 adiuvarentur,
850 1700 1108 1753 pronuntiavit
1138 1700 1176 1736 in
1197 1697 1412 1747 concione,
1445 1696 1512 1735 tle·

130 1761 307 1798 stinatum
339 1759 678 1807 Lacedaemoniis,
707 1759 738 1797 si
767 1758 929 1796 victoria
957 1757 1193 1808 potirentur,
1228 1765 1361 1792 omnes
1391 1753 1513 1791 virilis

130 1828 246 1853 sexus
278 1816 521 1861 interficere,
561 1815 745 1853 uxoribus
777 1820 902 1852 autem
932 1825 1065 1852 eorum
1093 1817 1132 1850 et
1161 1811 1295 1851 liberis
1324 1810 1362 1848 in
1391 1809 1513 1848 servi-

129 1878 244 1909 tutem
285 1872 459 1911 abductis
490 1870 643 1910 Thebas
683 1871 858 1910 diruere:
899 1882 972 1921 qua
1007 1868 1293 1908 denuntiatione
1331 1865 1514 1916 concitati

129 1928 252 1979 primo
280 1930 422 1979 impetu
450 1927 621 1966 Thebani
651 1926 980 1966 Lacedaemonios
1012 1927 1341 1976 expugnaverunt.

245 1986 282 2023 7.
342 1983 598 2032 Leutychidas
624 1983 700 2021 dux
729 1983 1142 2030 Lacedaemoniorum,
1180 1983 1415 2031 pugnaturus
1447 1987 1513 2015 eo-

130 2041 215 2079 dem
253 2040 314 2078 die
347 2040 495 2088 classe,
533 2050 608 2090 quo
648 2045 751 2078 terra
780 2040 954 2077 vicerant
994 2038 1114 2086 socii,
1155 2034 1327 2087 quamvis
1356 2033 1514 2082 ignarus

134 2102 245 2135 actae
274 2097 347 2144 rei,
371 2095 543 2146 vulgavit
569 2096 773 2133 nuntiatam
796 2095 868 2133 sibi
890 2095 1088 2132 victoriam
1116 2092 1291 2144 partium,
1321 2099 1398 2139 quo
1422 2099 1513 2127 con-

132 2153 338 2192 stantiores
370 2151 416 2190 ad
449 2163 614 2202 pugnam
644 2151 784 2189 milites
813 2150 985 2190 haberet.

248 2209 285 2249 8.
325 2207 370 2246 A.
392 2207 608 2246 Postumius
630 2207 796 2257 proelio,
819 2218 894 2258 quo
916 2218 1000 2244 cum
1020 2204 1158 2242 Latinis
1179 2200 1364 2249 conflixit,
1383 2199 1514 2238 oblata
1538 2243 1544 2251 .

133 2266 268 2316 specie
297 2264 455 2303 duorum
483 2264 518 2301 in
548 2263 657 2313 equis
681 2264 878 2312 iuvenum,
907 2262 1053 2300 animos
1077 2269 1229 2296 suorum
1253 2256 1399 2304 erexit,
1427 2255 1514 2294 Pol·
1547 2282 1553 2301 2

135 2322 260 2361 lucem
293 2328 328 2360 et
362 2319 562 2359 Castorem
594 2318 732 2357 adesse
766 2318 921 2367 dicens,
956 2328 1001 2355 ac
1030 2316 1086 2353 sic
1116 2313 1305 2366 proelium
1334 2312 1512 2351 restituit.
