1566 2496
222 139 285 170 DE
314 139 469 178 AQUAE
496 137 725 170 nuc'rnzus
755 137 889 169 mtms
918 137 1077 169 ROMAE
1109 138 1261 168 ωΒΕΒ.
1353 130 1430 168 113

165 242 233 282 62.
289 242 435 282 Fistula
468 243 688 282 centenaria
725 242 899 281 diametri
927 241 1069 291 digitos
1098 240 1299 289 undecim,
1334 253 1428 292 qua-

54 299 239 350 drantem,
255 298 455 349 sicilicum,
473 297 680 342 sextulam
708 298 903 350 perimetri
918 296 1061 347 digitos
1075 297 1228 347 triginta
1245 298 1428 348 quinque,

53 356 324 407 quincuncem,
363 354 569 403 sicilicum,
609 354 819 393 sextulam:
860 354 963 404 capit
1000 354 1191 404 quinarias
1230 354 1428 404 octoginta

53 423 184 460 unam,
229 411 503 462 quincuncem,
547 411 802 459 semunciam,
846 409 1026 448 duellam.
1093 409 1207 460 Apud
1247 410 1428 461 aquarios

52 466 219 506 habebat
245 467 419 506 diametri
448 467 590 517 digitos
615 466 813 515 undecim,
852 465 1059 514 deuncem,
1090 466 1346 515 semunciam,
1378 467 1427 504 si·

52 522 224 572 cilicum,
255 522 464 567 sextulam;
495 523 719 574 capacitatis
742 522 934 574 quinarias
951 522 1157 572 nonaginta
1177 522 1293 571 duas,
1320 521 1427 561 duel-

50 578 146 629 lam,
179 579 380 618 sicilicum.

162 634 230 675 63.
287 634 432 674 Fistula
468 641 670 674 centenum
698 635 875 673 vicenum
905 633 1079 672 diametri
1108 633 1250 684 digitos
1281 633 1425 672 duode-

50 691 144 739 cim,
172 691 373 740 trientem,
403 691 591 733 duellam:
629 691 826 743 perimetri
858 689 1002 740 digitos
1030 689 1427 741 duodequadraginta,

50 746 288 785 dextantem:
317 747 421 798 capit
446 748 636 798 quinarias
659 747 866 797 nonaginta
892 752 1063 797 septem,
1094 746 1343 793 dodrantem,
1375 746 1426 783 si-

51 802 224 850 cilicum,
261 802 464 840 sextulam.
522 802 636 853 Apud
673 803 853 853 aquarios
890 801 1057 842 habebat
1084 802 1258 842 diametri
1283 801 1425 852 digitos

51 857 290 908 quindecim,
320 857 529 906 deuncem,
566 859 821 906 semunciam,
861 857 1048 905 duellam
1075 859 1310 910 ,capacitatis
1343 858 1424 909 qui·

51 914 176 951 uarias
197 919 346 952 centum
367 915 567 964 sexaginta
568 914 683 1008 ἃ,
707 914 921 961 semissem,
946 913 1192 963 semunciam,
1214 914 1421 952 sextulam:

52 971 115 1020 qui
145 969 281 1008 modus
309 970 465 1008 duarum
495 966 611 1008 cen‘'
657 970 796 1007 riarum
827 974 898 1007 est.

63 1043 91 1073 ᾗ·
161 1025 228 1065 64.
288 1026 519 1064 Persecutns
558 1038 626 1075 ea,
664 1037 762 1076 quae
796 1025 845 1064 de
877 1024 1042 1063 modulis
1079 1024 1155 1062 dici
1188 1024 1258 1063 fuit
1286 1036 1423 1063 neces·

50 1081 214 1130 ndum,
250 1086 350 1120 nunc
378 1093 539 1133 ponam,
577 1094 691 1133 quem
719 1081 869 1120 modum
899 1092 1076 1132 quaeque
1101 1091 1221 1130 aqua,
1253 1086 1293 1118 ut
1317 1079 1423 1120 Prin·

49 1137 189 1188 cipnn}
211 1139 491 1176 commentariis
528 1133 848 1189 comprehensum
885 1143 967 1185 est,
1013 1147 1136 1186 usque
1173 1136 1220 1175 ad
1255 1142 1424 1175 nostram

49 1204 179 1232 curam
206 1193 353 1233 habere
382 1196 464 1233 visa
498 1195 545 1233 sit
576 1200 831 1245 quantumque
862 1193 1103 1243 erogaverit:
1141 1192 1281 1231 deiude
1311 1204 1424 1244 quem

46 1249 122 1300 ipsi
149 1250 379 1301 scrupulosa
412 1251 675 1302 inquisitione,
705 1256 917 1300 praeeunte
945 1248 1184 1300 providentia
1215 1249 1347 1300 optimi
1369 1248 1423 1287 di·

46 1304 364 1357 ligentissimique
402 1306 558 1345 Nervae
587 1306 796 1357 Principis,
837 1305 1108 1344 invenerimus.
1167 1303 1294 1343 Fuere
1325 1316 1423 1354 ergo

0 1385 2 1387 »
46 1361 84 1399 in
120 1362 400 1403 commentariis
438 1364 474 1400 in
512 1363 693 1400 universo
731 1362 927 1414 quinariae
954 1370 1023 1399 ΧΠ
1051 1360 1153 1399 milia
1182 1369 1350 1409 DCCLV,
1385 1362 1424 1399 in

46 1418 273 1467 erogatione
309 1427 390 1456 xlv
425 1419 529 1457 milia
564 1427 699 1462 Xv111;
742 1417 830 1469 plus
861 1418 899 1456 in
934 1416 1203 1456 distributione
1236 1429 1348 1468 quam
1385 1419 1422 1455 iu

44 1479 211 1524 accepto
247 1474 539 1525 computabatur
570 1475 752 1525 quinariis
781 1482 970 1513 MCCLIH.
1029 1472 1148 1510 Huius
1175 1474 1231 1511 rei
1261 1473 1422 1512 admira-

46 1529 122 1577 tio,
154 1541 237 1567 cum
265 1532 514 1581 praecipuum
544 1531 661 1569 officii
690 1541 789 1581 opus
818 1531 854 1567 iu
883 1528 1123 1580 exploranda
1144 1528 1219 1567 lide
1238 1541 1421 1580 aquarum

38 1583 161 1634 'atque
192 1586 304 1636 copia
331 1586 554 1634 crederem,
585 1598 660 1624 non
680 1586 928 1624 mediocriter
947 1597 1009 1623 me
1030 1585 1222 1623 convertit
1245 1585 1292 1623 ad
1314 1597 1420 1623 scru-

45 1639 217 1688 tandum,
261 1641 574 1690 quemadmodum
610 1641 771 1691 amplius
800 1646 1049 1690 erogaretur,
1095 1652 1207 1691 quam
1240 1642 1277 1678 in
1309 1641 1421 1691 patri-

45 1695 194 1741 monio,
225 1700 266 1732 ut
294 1697 344 1733 ita
374 1695 518 1743 dicam,
551 1703 669 1734 esset.
730 1696 830 1734 Ante
861 1697 984 1735 omnia
1014 1697 1143 1746 itaque
1178 1697 1306 1746 capita
1329 1696 1421 1735 duc-

46 1755 148 1787 tuum
176 1751 300 1788 metiri
335 1751 543 1800 adgressus
578 1764 680 1794 sum;
720 1751 790 1790 sed
823 1752 962 1802 longe,
1002 1751 1039 1790 id
1067 1757 1127 1789 est
1157 1752 1312 1790 circiter
1339 1754 1420 1803 qui·

46 1805 234 1850 uariarum
269 1805 402 1844 decem
439 1807 611 1856 milibus,
656 1807 881 1858 ampliorem
912 1820 1024 1860 quam
1062 1808 1099 1846 in
1138 1808 1420 1847 commentariis

45 1860 198 1899 modum
223 1861 372 1911 inveni,
403 1868 443 1903 ut
470 1875 543 1914 per
572 1863 742 1913 singulas
770 1863 1053 1902 demonstrabo.

158 1917 227 1965 65.
284 1916 436 1970 Appiae
466 1919 502 1957 in
530 1920 810 1958 commentariis
840 1920 1056 1971 adscriptus
1085 1925 1145 1958 est
1173 1919 1311 1958 modus
1337 1920 1419 1971 qui-

45 1974 233 2014 nariamm
260 1981 473 2013 Dcccxm.
534 1974 650 2014 Cuius
676 1975 829 2026 quidem
858 1976 905 2015 ad
926 1982 1041 2027 caput
1060 1977 1221 2014 inveniri
1241 1987 1418 2014 mensura

43 2039 119 2067 non
144 2033 293 2080 potuit,
323 2031 501 2081 quoniam
534 2043 585 2070 ex
616 2031 767 2070 duobus
793 2032 886 2070 rivis
914 2038 1078 2070 constat.
1138 2032 1196 2070 Ad
1224 2031 1419 2070 Gemellas

45 2090 192 2133 tamen,
229 2086 292 2136 qui
322 2084 432 2124 locus
462 2093 522 2125 est
551 2089 648 2126 inter
678 2088 797 2138 Spem
822 2086 1030 2137 Veterem,
1060 2088 1124 2126 ubi
1147 2089 1314 2137 iungitur
1334 2098 1419 2124 cum

45 2150 150 2179 ramo
186 2141 410 2192 Augustae,
453 2143 579 2181 inveni
621 2142 857 2182 altitudinem
895 2155 1019 2195 aquae
1060 2143 1199 2196 pedum
1236 2143 1417 2193 quinque,

45 2193 276 2236 latitudinem
314 2198 425 2248 pedis
466 2199 596 2247 unius,
635 2199 851 2238 dodrantis:
891 2199 981 2238 fiunt
1009 2212 1125 2238 areae
1160 2199 1282 2249 pedes
1311 2202 1417 2243 octo,

46 2248 237 2292 dodrans:
282 2255 527 2293 centenariae
564 2256 697 2305 viginti
735 2254 832 2293 duae
871 2262 909 2294 et
947 2254 1273 2307 quadragenaria:
1319 2263 1418 2303 quae

46 2303 218 2355 efficiunt
236 2310 427 2359 quinarias
449 2319 721 2359 MDcccxxv,
743 2311 926 2362 amplius,
948 2323 1058 2362 quam
1078 2313 1114 2348 in
1137 2308 1417 2347 commentariis

105 2375 258 2403 mour.
289 2379 439 2406 srssxr.
1115 2375 1138 2413 8
