1566 2496
287 120 736 178 sm‘rmsmncox
764 128 857 158 Lm.
887 127 936 157 11.
977 126 1078 157 eff.
1109 126 1152 156 v.
1355 115 1406 156 41

118 230 454 282 *Za-&Viriathuffi
484 244 533 272 ex
570 232 719 271 latrone
756 231 832 271 dux
867 230 1155 279 Lusitanorum,
1193 229 1336 268 cedere
1368 242 1412 269 se

36 291 220 335 Romanifi
246 290 440 346 equitibus
468 288 672 338 simulans,
704 300 826 340 usque
855 287 902 326 ad
931 287 1059 326 locum
1085 287 1354 337 voraginosum
1374 292 1412 324 et

35 347 250 400 praealtum
275 358 354 386 eos.
375 345 575 398 perduxit;
610 350 649 383 et
678 357 793 397 quum
821 346 906 395 ipse
944 356 1015 395 per
1046 342 1195 381 solidos
1224 355 1269 381 ac
1299 348 1413 381 notos

35 404 315 450 sibirtrausitus
338 402 550 451 evaderet,
581 400 776 440 Romanos
806 402 962 450 ignaros
990 399 1163 438 locorum
1193 400 1412 438 immersos-

37 472 112 512 que
132 459 223 500 limo
247 459 414 499 cecidit:
1431 495 1443 499 ,

147 515 186 557 8.
219 514 398 555 -Fulvius
440 516 653 567 imperator
691 512 929 552 Celtiberico
966 511 1095 561 bello,
1137 511 1290 550 collatis
1328 523 1413 550 cum

33 570 149 614 hoste
183 572 345 625 castris,
385 573 535 623 equites
575 582 667 609 suos
701 571 809 608 iussit
850 569 1065 608 succedere
1098 568 1144 606 ad
1182 569 1413 607 munitiones

26 641 169 670 eorum
195 627 475 679 lacessitisque
491 626 665 666 barbaris
685 626 859 664 simulata
884 625 975 675 ruga
995 625 1165 674 regredi.
1223 624 1306 662 Hoc
1329 637 1412 662 cum

36 697 110 737 per
123 684 269 736 aliquot
288 683 371 722 dies
387 683 570 732 fecisset,
593 677 706 722 avide
729 681 1018 733 insequentibus
1041 680 1272 729 Celtiberis,
1297 682 1414 719 anim·

38 740 201 780 advertit
230 745 356 778 castra
386 752 518 778 eorum
549 739 662 778 solita
684 739 835 777 nudari:
867 739 995 789 itaque
1026 749 1097 788 per
1122 743 1270 788 partem
1301 749 1413 776 exer-

40 798 138 835 citus
168 794 358 835 custodita
386 795 684 849 consuetudine,
714 796 800 845 ipse
835 807 919 833 cum
949 793 1142 845 expeditis
1173 799 1262 844 post
1288 799 1413 832 castra

36 853 204 903 hostium
232 851 407 890 consedit
441 851 636 892 occultus:
676 851 886 902 effusisque
915 851 972 888 eis
1004 862 1054 888 ex
1078 861 1207 898 more,
1247 856 1413 902 repente

39 909 211 948 adortus*
228 913 267 946 et
293 907 487 946 desertum
509 908 655 958 proruit
683 906 824 944 vallum
851 912 891 944 et
921 912 1046 944 castra
1077 907 1193 956 cepit.

82 986 86 988 ν
150 964 189 1003 9.
249 961 319 1002 Cn.
343 962 524 1012 Fulvius,
565 974 650 1000 cum
685 963 723 1000 in
753 961 890 1000 finibus
919 962 1062 1000 uostris
1089 962 1286 999 exercitus
1316 961 1415 1000 Fali-

40 1031 194 1060 scorum
221 1019 346 1069 longe
368 1025 500 1057 nostro
526 1019 647 1057 maior
670 1023 795 1057 castra
816 1019 1033 1069 posuisset,
1063 1029 1135 1068 per
1156 1029 1247 1054 suos
1277 1018 1417 1055 milites

41 1075 227 1128 quaedam
244 1075 390 1127 procul
419 1087 440 1114 a
472 1075 608 1121 castris
633 1074 805 1113 aedificia
825 1074 1044 1123 succendit,
1076 1079 1115 1111 ut
1138 1072 1300 1122 Falisci,
1323 1085 1416 1111 suos

39 1133 79 1172 id-
104 1132 249 1180 fecisse
279 1131 507 1180 credentes,
537 1143 608 1182 spe
641 1129 810 1180 praedae
840 1130 1154 1169 diffunderentur.

148 1187 229 1243 ss).—
270 1186 495 1226 Alexander
522 1199 594 1225 rex
621 1186 889 1238 Epirotarum,
921 1186 1108 1224 adversus
1141 1184 1296 1234 Illyrios
1324 1196 1415 1223 con-

40 1245 167 1284 locata
198 1244 238 1287 iu
274 1243 420 1282 insidiis
456 1255 590 1292 manu,
627 1243 811 1294 quosdam
841 1255 891 1281 ex
923 1243 1003 1280 suis
1041 1241 1172 1280 habitu
1200 1241 1417 1290 Illyriorum

39 1301 217 1341 instruxit
238 1305 278 1339 et
298 1300 407 1338 iussit
426 1305 580 1337 vastare
602 1311 706 1337 suam
725 1299 1002 1350 (Epiroticam)
1030 1298 1244 1347 regionem.
1303 1295 1419 1346 Quod

41 1368 126 1396 cum
143 1356 275 1410 ,Illyrii
302 1355 479 1394 viderent
506 1355 610 1404 fieri,
636 1356 711 1406 ipsi
739 1357 883 1406 passim
913 1354 1093 1406 praedari
1124 1359 1338 1404 coeperunt
1367 1365 1417 1392 eo

41 1413 242 1462 securius,
274 1411 378 1463 quod
405 1412 690 1463 praecedentes
714 1412 834 1450 veluti
862 1423 933 1462 pro
956 1409 1270 1462 exploratoribus
1298 1409 1417 1456 habe·

40 1467 151 1513 bant:
187 1479 210 1506 a
231 1467 381 1519 quibus
418 1480 469 1506 ex
504 1468 689 1506 industria
731 1470 770 1506 in
808 1468 896 1506 loca
929 1466 1270 1518 iniqua·deducti,
1310 1468 1418 1505 caesi

38 1524 237 1575 fugatique
265 1529 363 1562 sunt.
431 1544 435 1551 ·

43 1589 51 1594 ·
154 1580 220 1619 11.
271 1579 454 1630 Leptines
486 1590 640 1630 quoque
682 1580 946 1627 Syracusanus
991 1578 1177 1617 adversus
1216 1577 1416 1628 Carthagi-

41 1636 197 1685 nienses
226 1636 369 1673 vastari
396 1646 488 1673 suos
519 1646 636 1684 agros
666 1641 703 1672 et
726 1635 879 1673 incendi
901 1634 1014 1672 villas
1036 1634 1276 1685 castellaque
1301 1646 1418 1685 quae-

42 1690 129 1729 dam
155 1691 369 1746 imperavit.
421 1689 781 1740 Carthaginienses,
811 1690 859 1729 ab
890 1691 968 1729 suis
989 1690 1026 1729 id
1048 1690 1131 1728 fieri
1155 1691 1251 1738 rati,
1283 1696 1321 1728 et
1344 1691 1418 1741 ipsi

40 1751 231 1797 tamquam
254 1746 292 1784 in
316 1745 555 1784 adiutorium
570 1747 769 1796 exierunt,
801 1747 1034 1798 exceptique
1061 1745 1109 1784 ab
1134 1745 1419 1812 insidiatoribus

40 1801 116 1840 fusi
145 1805 245 1839 sunt.
1277 1836 1281 1838 .

98 1897 102 1901 ,
155 1855 220 1895 12.
278 1855 491 1906 Maharbal,
510 1857 650 1895 missus
665 1869 686 1895 a
704 1857 1083 1908 Carthaginiensibus
1098 1858 1285 1897 adversus
1301 1857 1421 1896 Afros

42 1912 304 1962 rebellantes,
344 1924 428 1950 cum
466 1913 585 1951 sciret
617 1919 771 1962 gentem
803 1915 950 1953 avidam
986 1926 1076 1953 esse
1110 1914 1209 1963 vini,
1242 1908 1419 1965 mag‘num

43 1968 128 2008 eius
156 1968 308 2007 modum
339 1968 591 2022 mandragora
617 1971 863 2020 permiscuit,
892 1971 998 2009 cuius
1016 1971 1125 2017 ‚iuter
1152 1982 1343 2009 venenum
1372 1981 1418 2008 ac

43 2036 227 2076 soporem
262 2023 386 2063 media
416 2025 478 2077 *vis
504 2030 577 2062 est.
636 2024 742 2064 Tunc
769 2026 920 2076 proelio
950 2027 1027 2066 levi
1053 2027 1258 2065 commisso
1290 2038 1340 2064 ex
1363 2027 1416 2063 in·
1447 2045 1451 2049 -

42 2080 186 2120 dustria
217 2081 361 2118 cessit:
401 2086 516 2119 nocte
547 2080 686 2119 deinde
715 2082 964 2133 intempesta,
990 2083 1139 2122 relictis
1168 2083 1265 2121 intra
1291 2087 1417 2120 castra

43 2135 268 2188 quibusdam
303 2137 465 2174 sarcinis
503 2142 542 2174 et
581 2137 681 2181 omni
717 2138 807 2176 vino
831 2137 999 2187 infecto,
1040 2138 1167 2188 fugam
1199 2137 1416 2176 simulavit:

44 2203 208 2243 cumque
235 2191 413 2241 barbari,
452 2193 651 2243 occupatis
689 2194 824 2232 castris
854 2195 893 2232 in
919 2194 1100 2244 gaudium
1129 2194 1262 2241 effusi,
1297 2192 1415 2231 medi·

45 2252 170 2286 catum
190 2247 304 2287 avide
331 2260 476 2286 merum
501 2248 718 2288 hausissent
734 2255 772 2288 et
793 2251 832 2288 in
853 2251 1005 2289 modum
1026 2250 1291 2289 defunctorum
1309 2249 1417 2288 strati

39 2303 237 2353 iacerent,
263 2316 445 2343 reversus
472 2310 536 2343 aut
565 2305 670 2356 cepit
699 2316 771 2344 eos
798 2312 861 2346 aut
888 2305 1104 2346 trucidavit.
