1566 2496
286 141 734 175 STRATEGEMATICON
763 141 854 172 [ΑΒ.
883 140 944 171 IV.
976 140 1075 171 CAP.
1104 139 1133 170 Ι.
1351 127 1399 168 Si

145 249 208 288 15.
266 247 308 288 Ρ.
336 246 478 287 Nasica
511 248 549 286 in
582 245 775 294 hibernis,
813 245 985 296 quamvis
1020 243 1158 282 classis
1193 254 1284 281 usus
1321 253 1397 280 non

30 309 138 345 esset
163 304 432 353 necessarius,
455 315 504 342 ne
529 309 655 342 tamen
681 301 828 341 desidia
855 300 966 339 miles
995 303 1309 352 corrumperetur
1337 303 1403 337 aut

31 373 104 414 per
139 361 206 400 otii
242 360 433 400 licentiam
469 359 587 398 sociis
625 358 795 397 iniuriam
829 357 1011 405 inferret,
1050 367 1169 395 naves
1194 354 1402 394 aedificare

31 416 201 456 instituit.

147 471 211 512 16.
266 470 317 510 M.
349 470 445 510 Cato
473 471 682 510 memoriae
710 469 886 518 tradidit,
919 469 956 507 iu
983 468 1086 506 furto
1110 466 1404 518 comprehensis

32 530 129 568 inter
149 527 427 567 commilitones
449 527 603 572 dextras
619 539 710 566 esse
731 525 953 577 praecisas,
974 530 1059 573 aut,
1083 524 1116 562 si
1142 523 1268 562 levius
1288 523 1404 562 anim·

31 585 235 624 advertere
264 583 503 633 voluissent,
531 585 569 622 in
593 582 792 635 principiis
817 581 1038 632 sanguinem
1060 591 1150 618 esse
1177 580 1346 618 missum.

147 641 211 679 17.
268 639 478 679 Clearchus
501 639 578 679 dux
604 638 995 678 Lacedaemoniorum
1015 636 1204 674 exercitui
1234 634 1404 683 dicebat,

33 698 304 748 imperatorem
339 697 465 747 potius
505 707 615 746 quam
644 695 795 734 hostem
825 694 942 732 metui
980 691 1151 741 debere,
1185 691 1407 742 significans

34 763 128 801 eos,
159 753 224 803 qui
254 752 294 790 in
322 751 473 803 proelio
507 751 635 790 subire
669 756 830 789 mortem
858 749 1157 798 dubitavissent,
1198 753 1344 786 certum
1374 748 1406 786 si

34 808 299 848 deseruissent
325 818 480 845 manere
506 807 747 858 supplicium.

151 861 214 902 18.
273 862 390 915 Appii
420 860 569 901 Claudii
598 863 786 900 sententia
812 867 968 900 senatus
989 872 1083 910 eos,
1118 861 1181 912 qui
1209 873 1230 899 a
1259 860 1406 909 Pyrrho

33 919 278 971 Epirotarum
314 931 410 969 rege
448 919 549 969 capti
585 923 624 956 et
655 923 793 968 postea
830 917 981 955 remissi
1011 922 1139 965 erant,
1180 917 1332 968 equites
1361 917 1407 954 ad

34 975 205 1027 peditem
229 975 401 1026 redegit,
434 973 586 1026 pedites
609 973 656 1012 ad
678 973 804 1012 levem
825 978 1072 1021 armaturam,
1103 972 1277 1010 omnibus
1300 978 1407 1010 extra

37 1030 178 1070 vallum
218 1033 332 1071 iussis
374 1030 558 1080 tendere,
605 1030 732 1069 donec
768 1028 856 1067 bina
894 1028 1059 1068 hostium
1097 1027 1225 1079 spolia
1270 1027 1408 1078 singuli

35 1086 241 1127 referrent.

152 1143 216 1182 19.
267 1142 453 1182 Otacilius
473 1141 639 1182 Crassus
659 1142 795 1181 consul
817 1152 909 1189 eOS,
935 1140 999 1192 qui
1020 1140 1068 1179 ab
1096 1139 1307 1179 Hannibale
1337 1140 1410 1178 sub

38 1201 167 1249 iugum
185 1199 291 1238 missi
306 1198 520 1248 redierant,
550 1199 711 1238 tendere
734 1205 843 1237 extra
858 1196 999 1235 vallum
1020 1197 1151 1245 iussit,
1174 1202 1214 1234 ut
1231 1196 1412 1235 immuniti

39 1256 317 1295 adsuescerent
342 1254 527 1306 periculis
551 1261 592 1294 et
612 1255 797 1294 adversus
817 1253 967 1292 hostem
989 1253 1236 1291 audentiores
1261 1252 1411 1291 tierent.

153 1309 221 1351 20.
274 1311 315 1349 P.
347 1309 531 1350 Cornelio
561 1309 703 1350 Nasica
729 1310 777 1349 D.
801 1309 907 1348 Iunio
937 1308 1175 1358 consulibus,
1206 1309 1271 1359 qui
1299 1320 1412 1347 exer-

42 1366 156 1404 citum
185 1366 458 1416 deseruerant,
490 1367 675 1416 damnati,
701 1367 820 1417 virgis
850 1366 956 1404 caesi
981 1364 1137 1416 publice
1162 1365 1375 1404 venierunt.

153 1421 220 1462 21.
275 1422 465 1462 Domitius
511 1421 681 1462 Corbulo
726 1424 763 1461 in
797 1421 977 1460 Armenia
1012 1421 1106 1459 duas
1140 1420 1222 1460 alas
1256 1426 1297 1460 et
1334 1427 1413 1459 tres

41 1478 250 1526 cohortes,
280 1491 379 1530 quae
409 1479 457 1518 ad
487 1478 688 1518 castellum
717 1490 801 1518 cum
826 1477 967 1516 Paccio
994 1475 1170 1516 hostibus
1199 1483 1413 1524 cesserant,

42 1539 154 1573 extra
178 1534 320 1573 vallum
347 1535 457 1574 iussit
478 1535 662 1584 tendere,
693 1535 819 1574 donec
841 1533 1001 1571 adsiduo
1031 1532 1165 1571 labore
1191 1539 1229 1572 et
1249 1544 1413 1585 prospe-

43 1589 97 1627 ris
128 1590 421 1629 excursionibus
449 1591 683 1630 redimerent
710 1589 966 1640 ignominiam.

156 1643 224 1683 22.
283 1645 463 1684 Aurelius
498 1644 610 1684 Cotta
641 1645 797 1693 consul,
829 1655 913 1682 cum
948 1642 996 1682 ad
1030 1654 1128 1695 opus
1168 1643 1318 1695 equites
1349 1655 1415 1682 ne-

45 1700 231 1738 cessitate
258 1707 424 1751 cogente
451 1701 629 1740 iussisset
657 1699 850 1739 accedere
885 1710 1096 1751 eorumque
1137 1712 1228 1751 pars
1264 1699 1415 1738 detrac-

46 1761 171 1794 tasset
189 1755 409 1806 imperium,
436 1762 595 1807 questus
618 1756 718 1807 apud
735 1766 919 1794 censores
937 1755 1089 1804 effecit,
1110 1762 1150 1794 ut
1173 1761 1413 1794 notarentur:

46 1822 68 1848 a
92 1810 263 1862 patribus
284 1810 422 1851 deinde
443 1812 623 1862 obtinuit,
645 1825 693 1850 ne
715 1813 771 1850 eis
792 1811 997 1862 praeterita
1018 1823 1110 1850 aera
1133 1811 1390 1863 procederent
1407 1827 1415 1850 :

46 1865 186 1905 tribuni
215 1878 369 1919 quoque
404 1867 531 1919 plebis
567 1867 615 1906 de
644 1868 779 1906 eadem
805 1879 848 1905 re
876 1867 924 1905 ad
953 1867 1136 1918 populum
1163 1867 1416 1919 pertulerunt,

49 1923 291 1974 omniumque
321 1934 513 1962 consensu
542 1922 708 1962 stabilita
736 1922 937 1974 disciplina
966 1928 1040 1961 est.

161 1977 228 2017 23.
285 1977 332 2026 Q.
361 1978 540 2018 Metellus
569 1978 841 2017 Macedonicus
875 1979 913 2016 in
940 1977 1123 2030 Hispania
1153 1979 1319 2031 quinque
1352 1991 1416 2018 co·

50 2034 204 2084 hortes,
243 2045 341 2085 quae
378 2033 554 2073 hostibus
582 2033 808 2083 cesserant,
832 2039 1099 2074 testamentum
1130 2035 1264 2074 facere
1292 2037 1416 2074 iussas

50 2089 99 2128 ad
127 2089 254 2128 locum
276 2090 582 2141 recuperandum
609 2091 777 2140 remisit,
805 2090 966 2130 minatus
984 2103 1060 2130 non
1089 2092 1161 2130 nisi
1181 2098 1272 2143 post
1295 2092 1416 2128 victo·

51 2145 144 2183 riam
171 2152 371 2198 receptum
400 2146 460 2184 iri.

165 2200 231 2240 24.
283 2201 325 2241 Ρ.
363 2201 521 2240 Valerio
563 2202 712 2240 consuli
750 2207 904 2241 senatus
941 2204 1162 2254 praecepit,
1206 2202 1417 2240 exercitum

52 2254 100 2294 ad
129 2257 240 2294 Sirim
267 2258 407 2296 victum
436 2257 581 2297 ducere
606 2258 644 2296 iu
671 2258 862 2297 Samnium
885 2258 1016 2310 ibique
1046 2264 1173 2298 castra
1202 2257 1348 2296 munire
1379 2263 1418 2295 et

52 2309 214 2350 hiemem
241 2312 312 2352 sub
336 2314 511 2353 tentoriis
539 2314 713 2365 exigere.

111 2392 264 2418 rssox'r.
298 2393 447 2421 STRAT.
1145 2381 1169 2419 6
