1566 2496
142 169 154 206 1
172 167 219 206 15
582 176 680 207 SEX.
715 177 832 207 mnu
864 177 1088 209 FRoNTnu

139 291 278 329 agros,
310 279 513 329 tabernas,
546 281 758 320 coenacula
779 282 913 331 etiam,
937 282 1180 334 corruptelas
1205 281 1369 334 denique
1391 294 1524 323 omnes

139 336 339 387 perpetuis
378 335 603 375 salientibus
638 338 842 376 instructas
874 339 1100 377 invenimus.
1158 338 1254 377 Nam
1284 339 1386 391 quod
1414 339 1523 380 falsis

139 392 257 431 titulis
296 391 396 431 aliae
435 404 506 444 pro
547 393 632 432 aliis
671 406 794 444 aquae
831 395 1111 445 erogabantur,
1153 395 1266 434 etiam
1302 402 1388 435 sunt
1424 396 1523 435 inter

137 449 289 487 leviora
327 450 470 487 ceteris
504 450 606 488 vitia.
666 449 771 489 Inter
806 463 852 490 ea
888 457 1035 499 tamen,
1078 463 1176 503 quae
1217 453 1523 492 emendationem
1560 493 1566 498 ‚-

139 505 367 543 videbantur
397 506 580 556 exigere,
619 507 889 546 numerandum
923 514 1002 557 est,
1035 508 1138 559 quod
1169 508 1253 546 fere
1285 509 1387 548 eirca
1416 520 1520 548 mon·

138 568 215 600 tem
251 560 422 600 Caelium
453 566 494 601 et
523 561 753 601 Aventinum
792 563 942 602 accidit.
1004 564 1077 612 Qui
1108 564 1256 613 colles,
1301 566 1522 617 priusquam
1564 593 1566 595 -

139 617 298 657 Claudia
331 618 632 669 perduceretur,
665 619 869 658 utebantur
895 619 1037 659 Mareia
1069 626 1107 659 et
1135 620 1244 659 Iulia.
1303 621 1382 660 Sed
1414 628 1521 673 post-

139 686 250 726 quam
278 673 384 712 Nero
414 674 630 726 ImperatOr
651 674 869 724 Claudiam,
901 688 1025 727 opere
1053 683 1211 715 arcuato
1243 677 1354 716 altius
1376 690 1519 729 excep-

137 737 234 780 tam,
267 742 390 781 usque
423 731 469 769 ad
500 731 682 782 templum
711 731 798 770 Divi
832 731 979 771 Claudii
1011 733 1212 784 perduxit,
1251 740 1290 772 ut
1321 734 1409 773 inde
1445 735 1519 773 dis-

136 787 389 835 tribueretur,
430 788 582 838 priores
622 800 696 826 non
731 788 934 839 ampliatae
972 788 1042 828 sed
1072 789 1239 828 omissae
1270 795 1378 830 sunt:
1416 789 1521 829 nulla

138 844 235 882 enim
269 843 431 882 castella
460 844 623 892 adiecit,
665 844 733 882 sed
764 845 900 883 iisdem
931 858 1021 884 usus
1049 851 1128 894 est,
1169 857 1352 896 quorum,
1390 859 1520 899 quam-

137 902 195 938 vis
225 906 366 938 mutata
397 912 519 951 aqua,
561 906 674 939 vetus
700 900 911 952 adpellatio
941 902 1164 953 permansit.

251 958 316 995 77.
377 956 478 994 Satis
508 957 581 995 iam
610 957 658 996 de
686 957 800 995 modo
824 959 1010 1009 cuiusque
1033 964 1071 997 et
1095 957 1215 998 veluti
1238 970 1338 997 nova
1358 958 1520 1010 quadam

137 1013 392 1065 adquisitione
421 1024 623 1064 aquarum,
657 1020 694 1052 et
723 1013 920 1053 fraudibus
952 1020 991 1053 et
1021 1015 1146 1064 vitiis,
1187 1026 1286 1067 quae
1317 1015 1421 1054 circa
1450 1027 1519 1054 eas

137 1075 266 1118 erant,
299 1069 438 1107 dictum
471 1075 543 1108 est.
603 1070 816 1121 Superest,
845 1076 885 1108 ut
910 1071 1201 1121 erogationem,
1233 1083 1344 1122 quam
1367 1071 1519 1110 eonfer-

134 1133 233 1175 tam,
265 1131 305 1163 ut
336 1126 392 1164 sie
422 1126 564 1175 dicam,
595 1127 633 1164 in
666 1138 828 1165 massam
856 1127 1093 1177 invenimus,
1125 1127 1237 1166 immo
1267 1128 1380 1166 etiam
1409 1127 1518 1166 falsis

134 1181 350 1221 nominibus
384 1183 570 1232 positam,
610 1195 682 1234 per
716 1183 867 1222 nomina
907 1196 1111 1235 aquarum,
1161 1184 1215 1222 uti
1254 1195 1432 1235 quaeque
1473 1196 1518 1222 se
1565 1227 1566 1231 Ἰ

134 1239 272 1287 habet,
311 1244 350 1277 et
379 1250 450 1289 per
478 1239 662 1289 regiones
689 1239 793 1277 urbis
822 1239 1053 1290 digeramus.
1115 1239 1233 1279 Cuius
1264 1240 1517 1292 comprehen-
1565 1250 1566 1253 ’

135 1297 283 1334 sionem
312 1295 394 1333 seio
421 1306 497 1333 non
525 1296 687 1333 ieiunam
718 1301 859 1334 tantum
892 1296 963 1335 sed
994 1297 1106 1335 etiam
1140 1296 1367 1348 perplexam
1395 1296 1518 1336 videri

134 1363 274 1403 posse:
315 1362 501 1401 ponemus
529 1357 655 1389 tamen
685 1363 794 1402 quam
826 1351 1078 1402 brevissime,
1110 1365 1158 1390 ne
1190 1352 1279 1403 quid
1305 1352 1411 1391 velut
1438 1352 1516 1391 fot-

133 1408 258 1446 mulae
299 1406 418 1444 oflicii
453 1406 553 1444 desit
589 1407 655 1455 iis,
701 1407 838 1458 quibus
878 1407 1045 1446 sufficiet
1081 1409 1316 1458 cognovisse
1357 1420 1515 1457 summa,

134 1463 265 1502 licebit
294 1462 458 1500 transire
489 1461 648 1500 leviora.
1143 1494 1148 1498 ,

247 1518 312 1558 78.
372 1518 423 1557 Ut
452 1530 547 1569 ergo
572 1518 789 1557 distributio
821 1519 1074 1569 quinariarum
1104 1528 1186 1558 xlv
1210 1519 1353 1558 milium
1381 1529 1515 1569 XVIII,

133 1577 182 1615 ita
212 1582 250 1615 et
289 1604 1008 1613 ...........
1040 1576 1129 1626 quia
1158 1606 1168 1614 .
1231 1605 1240 1613 .
1302 1605 1312 1614 .
1373 1606 1383 1615 .
1415 1588 1515 1627 quae

133 1645 183 1671 ex
222 1631 448 1683 quibusdam
488 1632 596 1682 aquis
638 1632 674 1670 in
711 1631 938 1670 adiutorium
972 1631 1129 1671 aliarum
1157 1632 1292 1671 dantur
1322 1638 1360 1671 et
1390 1631 1450 1671 bis
1478 1633 1516 1671 in

133 1690 305 1739 speeiem
335 1688 572 1737 erogationis
600 1687 758 1736 cadunt,
790 1687 911 1727 semel
941 1689 979 1727 in
1003 1689 1327 1740 computationem
1346 1689 1514 1728 veniunt.

132 1744 192 1783 Ex
222 1745 280 1783 his
313 1744 529 1782 dividuntur
555 1750 663 1782 extra
695 1743 829 1782 urbem
860 1745 1056 1795 quinariae
1086 1754 1134 1783 IV
1162 1744 1263 1786 milia
1293 1753 1431 1784 LXIII:
1465 1757 1515 1784 ex

131 1801 270 1852 quibus
307 1800 459 1838 nomine
489 1799 668 1838 Caesaris
704 1801 900 1851 quinariae
935 1809 1203 1850 MDCOXVIII,
1239 1801 1399 1852 privatis
1432 1801 1514 1852 'qui-

131 1858 262 1894 nariae
301 1866 335 1895 11
375 1856 478 1894 milia
518 1864 709 1895 CCCXLV.
777 1856 967 1908 Reliquae
1013 1858 1110 1896 intra
1152 1857 1285 1896 urbem
1324 1866 1375 1896 IX
1412 1856 1515 1895 milia

130 1920 341 1951 DCCCCLV
381 1911 705 1950 distribuebantur
742 1914 780 1950 in
822 1913 984 1952 castella
1024 1921 1237 1952 CCXLVII:
1285 1925 1334 1951 ex
1377 1912 1513 1964 quibus

132 1967 392 2017 erogabantur
425 1967 495 2005 sub
537 1969 687 2006 nomine
728 1967 907 2007 Caesaris
939 1969 1133 2020 quinariae
1161 1977 1355 2008 MDCCVII
1381 1969 1511 2016 semis,

133 2024 292 2076 privatis
334 2024 530 2074 quinariae
559 2034 612 2062 111
638 2025 738 2063 milia
765 2034 1042 2074 DCCCXLVII,
1072 2025 1205 2064 usibus
1237 2024 1403 2076 puhlicis
1428 2024 1509 2074 qui-

131 2081 261 2119 nariae
287 2088 336 2117 IV
365 2079 466 2117 milia
489 2088 639 2119 CCCCI:
672 2093 721 2118 ex
742 2092 790 2119 eo
817 2082 952 2119 castris
973 2090 1056 2120 XIX
1077 2081 1272 2133 quinariae
1290 2088 1510 2130 CCLXXIX,

132 2135 315 2188 operibus
354 2134 518 2185 publicis
563 2145 655 2174 xcv
693 2137 889 2187 quinariae
927 2146 964 2176 11
1004 2137 1106 2176 milia
1143 2145 1301 2185 eccm,
1349 2137 1511 2174 muneri-

131 2193 202 2231 bus
233 2200 381 2230 XXXIX
412 2191 606 2242 quinariae
645 2201 940 2242 CCCLXXXVI,
983 2192 1132 2231 lacibus
1167 2199 1280 2231 Dxcl
1315 2191 1511 2242 quinariae

131 2256 394 2288 mcccxxxv.
455 2247 533 2285 Sed
560 2253 597 2285 et
624 2247 721 2286 haec
752 2250 835 2299 ipsa
860 2248 1096 2299 dispensatio
1126 2260 1198 2300 per
1220 2248 1370 2286 nomina
1395 2260 1510 2300 aqua·

130 2317 210 2342 rum
237 2309 276 2342 et
301 2304 482 2354 regiones
508 2303 613 2341 urbis
640 2304 839 2354 partienda
870 2310 941 2343 est.

245 2360 310 2398 79.
370 2354 431 2398 Ex
462 2359 641 2411 quinariis
672 2371 768 2409 ergo
799 2369 881 2398 XIV
908 2359 1060 2398 milibus
1093 2367 1232 2408 XVIII,
1273 2371 1384 2410 quam
1412 2371 1510 2398 sum·
