1566 2496
183 154 630 190 nummisma-leon
657 154 749 185 Lm.
779 153 846 185 m.
875 153 974 184 eff.
1004 152 1098 184 xv1.
1129 151 1241 183 xvn.
1348 139 1401 180 77

33 274 145 314 quam
171 265 389 314 opportuno
426 265 464 298 et
493 260 583 298 loco
614 263 655 297 et
681 263 857 310 tempore
885 257 1059 306 fecerat,
1096 255 1326 304 Caesarem,
1354 253 1404 294 ad

33 317 233 358 castellum
253 316 356 370 quod
385 315 528 367 duplici
547 314 755 354 munitione
782 314 1005 353 instructum
1027 318 1110 351 erat
1138 312 1250 351 avide
1274 312 1405 350 irrum-

32 380 212 426 pentem,
242 372 415 412 exterior
451 372 536 423 ipse
567 369 817 410 circumfusus
848 381 991 409 corona
1022 367 1224 418 obligavit,
1254 373 1294 406 ut
1323 366 1405 415 ille,

32 431 134 469 inter
167 441 238 470 eos
277 439 376 480 quos
412 427 615 466 obsidebat
650 433 690 465 et
726 437 797 465 eos
837 427 901 477 qui
937 431 1047 464 extra
1076 425 1407 463 circumvenerant

32 486 203 536 medius,
231 495 310 524 non
336 485 427 524 leve
457 483 671 535 periculum
699 488 738 521 et
767 482 1033 521 detrimentum
1060 481 1241 521 senserit.

143 553 182 591 5.
232 551 388 591 Flavius
414 550 579 590 Fimbria
611 550 647 588 in
678 550 771 589 Asia
807 549 907 602 apud
941 548 1191 597 Rhyndacum
1220 546 1408 586 adversus

32 609 150 648 lilium
171 607 418 656 Mithridatis,
441 606 609 645 brachiis
644 606 692 645 ab
725 606 850 644 latere
885 605 1029 653 ductis,
1067 603 1205 643 deinde
1235 603 1342 642 fossa
1371 603 1408 640 in

30 665 159 703 fronte
178 675 366 715 percussa
379 693 391 712 ‚
420 663 588 715 quietem
610 663 647 700 in
668 662 773 701 vallo
792 661 950 700 militem
970 661 1110 710 tenuit,
1139 659 1265 698 donec
1290 659 1408 698 hosti-

32 719 82 758 lis
111 721 301 771 equitatus
325 720 483 757 intraret
510 720 704 768 angustias
732 718 1067 761 munimentorum3
1097 722 1176 755 tum
1206 716 1409 767 eruptione

36 776 139 814 facta
168 786 241 813 sex
266 774 368 813 milia
397 785 531 812 eorum
556 774 707 813 cecidit.

149 842 188 882 6.
246 839 291 879 C.
319 840 466 880 Caesar
493 842 530 878 in
554 840 699 889 Gallia,
730 839 870 879 deletis
897 840 945 878 ab
971 839 1196 890 Ambiorige
1224 850 1321 889 rege
1347 837 1408 877 Ti·

36 899 125 938 turii
150 896 282 937 Sabini
311 904 349 936 et
379 895 516 935 Cottae
547 896 762 946 legatorum
793 897 937 947 copiiS,
968 908 1052 934 cum
1081 907 1103 934 a
1131 894 1177 942 Q.
1201 894 1406 943 cicerone,

37 955 100 1005 qui
139 959 178 992 et
215 954 301 1005 ipse
330 951 645 1004 obpugnabatur,
681 952 824 990 certior
846 951 972 990 factus
997 963 1082 990 cum
1109 950 1255 989 duabus
1286 950 1408 1000 legio·

37 1010 146 1048 nibus
183 1009 431 1058 adventaret,
469 1009 668 1047 conversis
696 1007 891 1055 hostibus,
930 1013 1069 1046 metum
1100 1006 1289 1044 simulavit
1312 1006 1408 1045 mili-

35 1071 174 1116 tesque
196 1066 235 1104 in
255 1065 413 1113 castris,
441 1076 539 1115 quae
564 1065 706 1102 artiora
731 1063 847 1102 solito
871 1063 1054 1102 industria
1072 1062 1243 1111 fecerat,
1273 1063 1407 1101 tenuit.

36 1120 155 1169 Galli,
196 1126 443 1172 praesumpta
476 1121 550 1158 iam
575 1120 739 1158 victoria
767 1119 872 1158 velut
909 1119 956 1158 ad
985 1118 1167 1170 praedam
1197 1124 1409 1157 castrorum

35 1176 260 1225 tendentes,
289 1176 417 1215 fossas
434 1176 594 1226 implere
616 1181 655 1214 et
674 1175 815 1215 vallum
833 1175 1037 1213 detrahere
1057 1180 1281 1224 coeperunt.
1324 1173 1407 1221 Qua

34 1244 80 1270 re
103 1231 255 1282 proelio
273 1243 350 1270 non
369 1238 520 1284 aptatos
542 1230 709 1281 Caesar,
732 1233 874 1270 emisso
897 1236 1060 1283 repente
1080 1229 1247 1281 undique
1270 1229 1406 1278 milite,

35 1287 251 1326 trucidavit.

149 1354 186 1392 7.
218 1353 384 1392 Titurius
408 1354 595 1403 Sabinus,
624 1353 812 1392 adversus
842 1353 1039 1394 Gallorum
1065 1353 1231 1405 amplum
1257 1354 1407 1392 exerci-

36 1416 115 1448 tum
143 1409 372 1448 continendo
400 1410 555 1449 militem
577 1411 674 1448 intra
700 1411 948 1459 munimenta,
981 1410 1171 1462 praestitit
1195 1410 1252 1447 eis
1281 1410 1407 1460 suspi-

38 1467 188 1504 cionem
212 1466 432 1509 metuentis;
465 1467 570 1504 cuius
601 1465 800 1516 augendae
825 1478 940 1505 causa
970 1466 1172 1518 perfugam
1191 1466 1314 1514 misit,
1343 1466 1407 1516 qui

36 1521 254 1560 adfirmaret
282 1522 492 1560 exercitum
511 1521 767 1560 Romanorum
795 1522 833 1559 in
864 1522 1137 1573 desperatione
1171 1533 1260 1559 esse
1287 1533 1334 1560 ac
1359 1521 1407 1560 de

38 1576 133 1626 fuga
169 1577 355 1626 cogitare.
413 1576 572 1615 Barbari
601 1577 730 1615 oblata
759 1578 948 1615 victoriae
986 1589 1058 1628 spe
1086 1577 1265 1615 concitati
1294 1577 1408 1627 lignis

37 1633 315 1682 sarmentisque
350 1644 393 1670 se
433 1638 708 1679 oneraverunt,
740 1632 878 1682 quibus
906 1633 1034 1671 fossas
1059 1632 1323 1683 complerent,
1353 1633 1407 1671 in-

22 1688 222 1738 gentique
252 1699 366 1725 cursu
391 1693 516 1725 castra
545 1693 674 1725 nostra
700 1688 737 1725 in
761 1687 864 1728 colle
885 1690 1012 1739 posita
1040 1689 1276 1739 petiverunt:
1307 1688 1407 1727 unde

37 1744 75 1780 in
104 1754 174 1780 eos
195 1741 362 1780 Titurius
383 1743 583 1780 universas
610 1743 760 1781 immisit
789 1745 947 1795 copias,
978 1745 1182 1795 multisque
1214 1743 1409 1784 Gallorum

38 1798 166 1836 caesis
189 1797 373 1849 plurimos
402 1798 439 1835 in
467 1797 697 1836 deditionem
722 1800 886 1850 accepit.
1320 1813 1325 1817 ¹

150 1862 190 1903 8.
247 1863 455 1912 Asculani,
482 1863 728 1915 obpugnante
749 1877 879 1905 eorum
900 1867 1081 1918 oppidum
1101 1866 1299 1918 Pompeio,
1322 1879 1407 1906 cum

36 1931 185 1972 paucos
211 1931 329 1958 senes
356 1930 498 1970 aegros
519 1921 555 1957 in
582 1921 697 1959 muris
715 1922 985 1973 ostendissent,
1013 1923 1063 1961 ob
1084 1923 1122 1962 id
1148 1935 1309 1962 securos
1330 1923 1406 1962 Ro-

34 1987 169 2016 manos
194 1977 395 2026 eruptione
425 1975 526 2014 facta
550 1975 788 2026 fugaverunt.

147 2043 187 2083 9.
246 2042 459 2081 Numantini
494 2042 646 2081 obsessi
690 2055 738 2081 ne
775 2056 847 2095 pro
881 2045 985 2084 vallo
1026 2045 1180 2095 quidem
1217 2047 1405 2084 instruxe-

37 2105 124 2138 runt
163 2100 286 2139 aciem
329 2098 506 2149 adeoque
542 2110 587 2137 se
626 2100 920 2149 continuerunt,
961 2106 1002 2139 ut
1039 2101 1206 2153 Popillio
1250 2101 1406 2139 Laenati

38 2154 175 2194 fiducia
208 2156 319 2195 fieret
349 2154 465 2193 scalis
494 2154 675 2205 oppidum
705 2155 973 2205 adgrediendi:
1004 2169 1082 2208 quo
1110 2157 1249 2195 deinde
1279 2157 1403 2206 suspi-

40 2215 151 2249 cante
182 2211 359 2260 insidias,
399 2210 486 2261 quia
522 2222 571 2248 ne
605 2216 694 2248 tunc
730 2212 882 2262 quidem
917 2211 1198 2261 obsistebatur,
1236 2224 1280 2250 ac
1311 2223 1403 2249 suos

37 2273 275 2317 revocante,
310 2267 511 2319 eruptione
548 2265 648 2304 facta
686 2277 846 2307 aversos
881 2274 918 2307 et
961 2268 1243 2307 descendentes
1280 2266 1404 2306 adorti

37 2326 135 2359 sunt.
