1566 2496
292 149 741 184 STRATEGEMATICON
770 149 861 180 Lm.
892 148 953 179 1v.
986 148 1085 179 CAP.
1117 148 1160 177 v.
1363 135 1416 176 89

161 257 234 297 10-
271 254 386 295 :Idem
417 254 511 294 fecit
543 253 615 293 sub
653 251 772 292 Atilio
808 250 983 291 Calatino
1020 251 1194 305 consule,
1215 252 1271 300 is,
1310 251 1419 291 cuius

48 314 154 353 varie
172 311 368 352 traduntur
386 311 558 350 nomina:
590 310 654 349 alii
678 308 900 358 Laberium,
923 308 1092 347 nonnulli
1119 307 1166 356 Q.
1189 307 1418 355 Caeditium,

49 366 462 422 plurimiGalpurnium
482 365 689 406 Flammam
703 365 910 403 vocitatum
930 365 1180 416 scripserunt.
1240 363 1311 403 Hic
1334 377 1419 403 cum

49 426 253 466 demissum
270 425 309 463 in
327 435 412 463 eam
425 422 567 462 vallem
586 421 737 461 videret
757 421 967 459 exercitum
983 450 995 470 ,
1016 421 1124 459 cuius
1145 417 1267 459 later'a
1294 421 1419 460 omnia

48 493 149 534 quae
176 482 377 532 superiora
407 484 515 518 erant
536 478 660 517 hostis
689 477 906 526 insederat,
936 476 1169 528 depoposcit
1199 483 1238 515 et
1265 477 1420 529 accepit

48 537 99 577 ub
134 536 293 576 consule
327 535 535 575 trecentos
556 534 724 573 milites:
754 544 852 584 quos
881 533 1068 582 hortatus,
1104 539 1144 571 ut
1172 533 1313 571 virtute
1351 545 1419 572 sua

49 593 259 632 exercitum
285 597 505 639 servarent,
544 592 582 630 in
611 590 773 629 mediam
803 588 943 628 vallem
973 589 1202 628 decucurrit.
1259 589 1321 628 Ad
1351 589 1419 628 ob·

46 649 270 701 primendos
300 659 371 687 eos
400 646 565 698 undique
594 645 796 685 descendit
824 644 965 688 hostis;
997 645 1194 696 longoque
1225 651 1264 684 et
1279 657 1422 698 aspero

50 704 202 756 proelio
238 709 410 743 retentus
443 704 690 742 occasionem
719 701 867 740 consuli
898 701 944 740 ad
976 701 1249 741 extrahendum
1271 703 1422 741 exerci-

48 766 127 799 tum
153 760 271 799 dedit.

167 817 232 854 11.
290 813 336 854 G.
365 813 533 862 Caesar,
565 813 751 852 adversus
780 813 990 853 Germanos
1019 820 1058 853 et
1090 814 1324 853 Ariovistum
1355 825 1423 864 pu·

51 877 258 922 gnaturus,
286 870 456 910 confusis
481 881 635 907 suorum
661 870 794 907 animis
819 881 891 920 pro
922 871 1110 909 concione
1136 869 1251 919 dixit,
1282 869 1422 908 nullius

52 940 98 967 se
134 938 184 966 eo
218 926 281 965 die
314 937 436 978 opera
465 925 536 963 nisi
560 925 733 964 decimae
757 925 922 975 legionis
951 937 1126 964 usurum:
1156 937 1232 977 quo
1259 926 1422 965 adsecu-

50 990 112 1022 tus
139 989 222 1032 est,
249 989 290 1022 ut
317 988 356 1022 et
380 982 566 1021 decimani
595 987 783 1032 tamquam
803 982 1037 1033 praecipuae
1058 981 1289 1020 fortitudinis
1317 982 1423 1020 testi·

51 1039 179 1078 monio
201 1039 503 1087 concitarentur,
536 1043 575 1076 et
604 1038 725 1076 ceteri
753 1037 924 1089 pudore,
955 1050 1005 1076 ne
1030 1049 1154 1089 penes
1174 1037 1271 1076 alios
1296 1037 1423 1087 gloria

54 1095 205 1135 virtutis
228 1101 347 1133 esset.

168 1149 231 1189 12.
280 1148 608 1190 Lacedaemonius
630 1148 780 1200 quidam
795 1148 956 1198 nobilis,
978 1132 1157 1200 Pliilippo
1179 1149 1422 1188 denuntiante

54 1206 180 1245 multis
201 1218 244 1245 se
266 1205 563 1258 prohibiturum,
584 1205 656 1243 nisi
680 1206 815 1243 civitas
845 1205 918 1244 sibi
943 1205 1121 1254 daretur,
1150 1204 1262 1254 Num,
1288 1206 1422 1255 inquit,

54 1268 97 1301 et
118 1273 190 1314 pro
220 1263 343 1314 patria
371 1262 468 1300 mori
496 1272 569 1299 nos
598 1258 849 1312 prohibebit?

166 1317 232 1358 13.
282 1317 474 1357 Leonidas
511 1316 859 1366 Lacedaemonius,
898 1328 982 1356 cum
1027 1316 1246 1356 dicerentur
1278 1317 1424 1356 Persae

55 1374 276 1424 sagittarum
296 1373 531 1412 multitudine
551 1372 674 1411 nubes
697 1385 787 1411 esse
815 1372 974 1423 facturi,
1004 1372 1127 1412 fertur
1146 1373 1314 1413 dixisse:
1344 1372 1424 1412 Me-

54 1429 130 1468 lius
155 1430 195 1468 in
219 1429 351 1468 umbra
379 1428 718 1481 propugnabimus.

168 1486 232 1524 14.
290 1485 332 1524 L.
351 1484 488 1524 Aelius
503 1491 662 1537 praetor
676 1484 865 1534 urbanus,
897 1496 982 1523 cum
1006 1485 1042 1523 ei
1066 1486 1124 1523 ius
1148 1485 1290 1524 dicenti
1313 1485 1425 1536 picus

46 1542 94 1594 ⁸iu
118 1542 245 1592 capite
274 1541 480 1580 insedisset
509 1546 549 1579 et
576 1541 803 1592 haruspices
823 1540 1136 1591 respondissent,
1169 1542 1323 1580 dimissa
1351 1553 1425 1579 ave

56 1595 220 1634 hostium
248 1597 447 1635 victoriam
479 1596 591 1645 fore,
629 1602 767 1634 necata
802 1595 986 1646 populum
1011 1595 1220 1635 Romanum
1250 1597 1424 1648 superio·

56 1663 160 1700 rem,
196 1657 234 1690 at
260 1651 410 1690 Aelium
446 1664 532 1690 cum
568 1651 709 1690 familia
740 1652 971 1701 periturum,
1010 1664 1121 1691 avem
1150 1653 1312 1691 occidit:
1352 1664 1425 1703 qua

58 1707 210 1754 occisa,
240 1718 317 1744 non
347 1706 529 1745 dubitavit
548 1707 642 1746 dare
667 1717 854 1757 poenam;
882 1719 967 1745 nam
989 1709 1163 1747 exercitu
1182 1714 1317 1747 nostro
1343 1709 1425 1746 vin·

59 1767 172 1800 ceute
192 1762 276 1813 ipse
297 1773 382 1800 cum
402 1762 705 1813 quattuordecim
721 1762 844 1800 Aeliis
866 1774 915 1801 ex
935 1764 1069 1803 eadem
1089 1764 1233 1810 familia
1253 1765 1290 1802 in
1309 1775 1425 1815 proe-
1455 1762 1464 1767 ’

58 1817 112 1856 lio
134 1823 193 1856 est
222 1818 387 1856 occisus.
446 1817 553 1856 Hunc
573 1818 722 1869 quidam
744 1829 820 1856 non
840 1817 990 1857 Aelium
1011 1820 1080 1859 sed
1100 1819 1268 1859 Laelium
1290 1820 1425 1869 fuisse,

60 1879 100 1912 et
126 1872 279 1912 Laelios
308 1884 384 1911 non
413 1873 549 1912 Aelios
577 1874 743 1924 periisse
772 1874 943 1913 credunt.

174 1930 239 1968 15.
292 1928 333 1967 P.
363 1928 497 1978 Decii,
529 1930 650 1980 primo
681 1935 792 1980 pater
816 1937 954 1981 postea
982 1931 1107 1981 filius,
1137 1931 1175 1970 in
1203 1934 1425 1983 magistratu

60 1997 103 2023 se
142 1996 213 2036 pro
248 1984 447 2035 republica
484 1984 744 2034 devoverunt,
783 1985 1034 2039 admissisque
1070 1988 1109 2026 in
1136 1987 1287 2027 hostem
1316 1990 1425 2039 equis

58 2041 189 2092 adepti
221 2046 381 2079 mortem
407 2041 607 2079 victoriam
630 2042 777 2092 patriae
802 2042 1053 2082 contulerunt.

173 2097 237 2136 16.
292 2095 333 2134 Ρ.
365 2094 552 2144 Crassus,
590 2109 674 2135 cum
710 2096 855 2136 bellum
890 2098 1075 2138 adversus
1100 2099 1359 2138 Aristonicum
1389 2099 1427 2136 in

61 2151 154 2190 Asia
182 2164 327 2202 gerens
349 2152 446 2191 inter
469 2151 626 2190 Elaeam
650 2158 688 2190 et
716 2152 900 2201 Myrinam
927 2155 965 2193 iu
986 2154 1150 2194 hostium
1172 2157 1305 2206 copias
1333 2155 1425 2192 inci·

61 2206 180 2245 disset
214 2209 401 2259 vivusque
430 2207 708 2256 abduceretur,
748 2215 971 2250 exsecratus
999 2212 1037 2249 in
1064 2211 1225 2250 consule
1255 2209 1427 2248 Romano

62 2262 316 2312 captivitatem
330 2293 343 2313 ,
362 2265 486 2314 virga,
508 2275 581 2314 qua
597 2263 644 2302 ad
665 2275 803 2315 equum
818 2266 1028 2315 regendum
1045 2273 1127 2306 erat
1145 2278 1250 2314 usuS,
1273 2264 1426 2314 Thraci,

62 2328 85 2355 a
120 2327 195 2370 quo
232 2318 454 2369 tenebatur,
493 2319 644 2358 oculum
679 2320 801 2370 eruit,
838 2327 952 2375 atque
990 2321 1039 2361 ab
1075 2333 1123 2361 eo
1153 2333 1224 2372 per
1252 2320 1428 2361 dolorem
