1566 2496
115 137 169 177 40
540 147 654 181 sex.
682 148 799 181 1UL11
829 149 1056 181 mourut}

673 251 949 293 CAPUTV.

472 387 475 389 -
541 339 628 370 DE
685 341 1137 372 1NSID118.‘

232 422 266 459 1.
322 420 527 470 Romulus,
558 433 630 472 per
654 421 826 460 latebras
852 423 1048 473 copiarum
1078 429 1187 475 parte
1209 423 1394 476 disposita
1417 438 1503 464 cum
1563 446 1566 464 ε

114 477 161 515 ad
192 476 358 516 Fidenas
390 478 646 527 accessisset,
686 479 861 518 simulata
891 479 983 530 fuga
1011 486 1158 519 temere
1189 481 1324 521 hostes
1347 483 1499 522 insecu—
1563 524 1566 537 1

114 541 176 572 tos
212 545 260 572 eo
291 534 493 585 perduxit,
535 534 598 573 ubi
630 535 806 573 occultos
844 535 1011 575 habebat
1037 537 1199 588 milites,
1239 539 1303 589 qui
1333 539 1502 590 undique
1563 540 1566 589 j

114 591 238 630 adorti
265 591 410 629 effusos
434 597 472 629 et
494 592 669 630 incautos
697 591 934 631 ceciderunt.
1563 604 1566 616 ¹

224 646 262 687 2.
317 646 363 695 Q.
402 646 543 685 Fabius
582 647 770 686 Maximus
807 649 944 687 consul
982 649 1125 688 auxilio
1164 651 1326 689 Sutrinis
1361 652 1501 690 missus
1564 640 1566 648 ’

110 704 299 743 adversus
333 703 545 753 Etruscos,
581 716 714 743 omnes
753 703 918 744 hostium
959 707 1092 757 copias
1130 707 1167 744 in
1199 716 1246 746 ‘se
1287 709 1500 746 convertit:
1563 718 1566 763 j

111 760 251 799 deinde
283 760 459 799 simulato
490 762 626 799 timore
658 761 695 799 in
722 762 922 812 superiora
953 761 1041 800 loca
1060 762 1167 801 velut
1187 763 1341 813 fugiens
1367 775 1500 803 reces-

110 818 179 866 sit,
215 816 418 867 effuseque
451 816 661 856 subeuntes
695 817 906 867 adgressus
944 829 1020 856 non
1051 819 1136 860 acie
1165 825 1306 858 tantum
1338 832 1499 888 supera-

108 874 183 922 vit,
207 873 282 912 sed
309 875 420 912 etiam
449 875 587 912 castris
618 874 736 912 exuit.

221 929 260 968 3
320 930 573 980 Sempronius
604 929 800 969 Gracchus
831 930 1018 969 adversus
1053 929 1276 971 Celtiberos
1313 938 1417 971 metu
1447 934 1497 971 si-

106 986 250 1025 mulato
269 987 454 1024 continuit
475 988 708 1026 exercitum:
732 987 872 1025 emissa
894 986 1034 1026 deinde
1059 993 1249 1042 armatura
1270 988 1371 1038 levi,
1398 1001 1498 1040 quae

105 1042 259 1081 hostem
283 1043 498 1082 lacesseret
520 1055 567 1082 ac
595 1044 719 1082 statim
746 1043 886 1095 pedem
907 1043 1097 1094 referret,
1131 1046 1312 1084 evocavit
1339 1044 1498 1087 hostes:

108 1099 248 1138 deinde
278 1099 516 1138 inordinatos
547 1099 759 1150 adgressus
788 1112 913 1151 usque
945 1111 994 1139 eo
1027 1100 1191 1150 cecidit,
1222 1107 1262 1140 ut
1291 1102 1404 1140 etiam
1432 1114 1494 1140 ca-

106 1158 184 1195 stra
214 1162 386 1207 caperet.

213 1213 252 1251 4.
310 1211 494 1251 Metellus
532 1211 670 1251 consul
705 1213 743 1251 in
769 1213 902 1252 Sicilia
941 1212 1086 1251 bellum
1115 1213 1303 1252 adversus
1328 1213 1497 1253 Hasdru-

108 1269 238 1308 halem
266 1281 434 1319 gerens,
467 1268 518 1307 ob
544 1270 627 1307 eius
651 1270 845 1318 ingentem
866 1269 1079 1307 exercitum
1103 1275 1142 1307 et
1163 1270 1312 1309 centum
1339 1271 1495 1321 triginta

107 1325 340 1377 elephantos
370 1326 572 1374 intentior,
603 1325 777 1363 simulata
807 1324 1018 1364 diffidentia
1047 1325 1143 1363 intra
1170 1325 1396 1365 Panormum
1427 1338 1494 1365 co-

106 1382 191 1433 pias
211 1382 331 1420 tenuit
348 1381 570 1432 fossamque
589 1381 756 1430 ingentis
777 1380 1042 1430 magnitudinis
1068 1387 1155 1420 ante
1177 1394 1220 1420 se
1242 1382 1362 1422 duxit.
1394 1381 1494 1422 Con-

105 1443 243 1489 specto
282 1436 422 1476 deinde
462 1437 635 1475 exercitu
675 1436 945 1486 Hasdrubalis,
980 1438 1044 1487 qui
1067 1438 1112 1476 ·in
1145 1440 1266 1489 prima
1297 1439 1383 1478 acie
1414 1438 1494 1477 ele-

105 1494 271 1545 phantos
297 1492 487 1541 habebat,
517 1494 721 1544 praecepit
752 1493 932 1542 hastatis,
963 1493 1042 1532 tela
1073 1494 1110 1532 in
1139 1494 1290 1533 belluas
1321 1495 1494 1534 iacerent

104 1556 370 1601 protenusque
398 1561 442 1588 se
469 1550 566 1588 intra
595 1550 823 1588 munimenta
843 1550 1084 1601 reciperent.
1143 1549 1201 1590 Ea
1232 1550 1493 1590 ludificatione
1548 1580 1550 1582 -

103 1612 282 1645 rectores
311 1605 606 1657 elephantorum
632 1607 839 1655 concitati,
869 1607 906 1644 in
935 1606 1056 1657 ipsam
1085 1606 1232 1646 fossam
1261 1606 1493 1658 elephantos

105 1669 288 1713 egerunt:
316 1674 393 1714 quo
422 1663 652 1714 tlt-primum
682 1662 890 1714 inlaqueati
921 1668 1029 1712 sunt,
1070 1663 1206 1714 partim
1233 1663 1492 1714 magnitudine

103 1719 270 1758 telorum
299 1719 490 1768 confecti,
523 1720 660 1770 partim
683 1725 787 1758 retro
819 1720 856 1757 in
882 1730 973 1757 suos
996 1720 1094 1769 acti,
1126 1725 1244 1758 totam
1270 1720 1393 1759 aciem
1413 1725 1492 1758 tur-

102 1776 304 1814 baverunt.
363 1775 470 1814 Tunc
499 1774 702 1825 Metellus,
745 1776 844 1815 hanc
881 1776 1064 1827 operiens
1099 1777 1369 1825 occasionem,
1407 1787 1490 1814 cum

102 1838 184 1870 toto
224 1833 401 1870 exercitu
438 1833 564 1882 erupit
609 1838 648 1870 et
693 1832 904 1882 adgressus
945 1844 966 1871 a
1003 1832 1126 1871 latere
1152 1832 1318 1876 >Poenos
1350 1832 1492 1872 cecidit

100 1889 276 1940 ipsisque
307 1894 346 1926 ut
375 1894 413 1927 et
438 1887 657 1939 elephantis
688 1890 830 1939 potitus
861 1895 933 1927 est.

209 1945 246 1982 5.
307 1943 505 1993 Tomyris,
532 1944 761 1993 Scytharum
783 1946 939 1995 regina,
968 1942 1108 1993 Cyrum
1130 1944 1333 1986 Persarum
1356 1955 1491 1994 regem

102 2012 229 2052 aequo
259 1999 382 2038 Marte
417 2006 650 2049 certantem,
683 2001 860 2040 simulato
890 2007 1015 2050 metu,
1049 2001 1191 2044 elicuit,
1207 2001 1254 2040 ad
1280 2006 1391 2040 notas
1421 2001 1489 2038 mi—

101 2058 259 2097 liti‘suo
281 2057 478 2106 angustias
498 2062 614 2107 atque
643 2057 721 2107 ibi,
748 2063 911 2109 repente
933 2068 1127 2097 converso
1153 2057 1327 2108 agmine,
1355 2061 1489 2095 natura

100 2115 179 2153 loci
207 2112 333 2157 adiuta
364 2112 519 2150 devicit.
1343 2140 1346 2141 γ

210 2170 250 2210 6.
308 2167 518 2219 Aegyptii,
537 2168 752 2207 conflicturi
769 2170 854 2208 acie
870 2170 910 2208 in
926 2170 983 2207 eis
1000 2170 1159 2220 campiS,
1180 2167 1318 2220 quibus
1335 2168 1488 2207 iunctae

100 2225 263 2278 paludes
292 2230 423 2274 erant,
463 2224 551 2275 alga
591 2237 660 2263 eas
699 2231 975 2275 contexerunt,
1009 2225 1292 2275 commissoque
1333 2224 1486 2275 proelio

100 2283 230 2333 fugam
259 2281 483 2320 simulantes
509 2282 546 2319 in
573 2281 730 2320 insidias
757 2282 893 2320 hostes
922 2283 1206 2328 evocaverunt,
1231 2281 1294 2330 qui
1317 2279 1488 2332 rapidius

101 2340 205 2378 vecti
246 2350 317 2391 per
343 2338 475 2389 ignota
509 2337 596 2376 loca
627 2336 716 2376 limo
749 2338 996 2377 inhaeserunt
1028 2337 1356 2388 circumventique
1385 2341 1485 2376 sunt.
