1566 2496
153 160 205 201 80
593 166 694 198 SEX.
716 167 833 199 IULII
865 168 1090 200 FRONTINI

150 274 188 311 in
211 271 419 311 fasciculos
441 276 568 321 aptata
590 271 707 310 furcis
730 272 934 322 imposuit,
965 271 1035 312 suh
1057 271 1194 324 quibus
1216 279 1254 313 et
1280 272 1409 314 habile
1430 285 1525 315 onus

151 336 190 368 et
216 329 341 367 facilis
370 328 526 379 requies
557 334 680 372 esset3
712 329 810 368 unde
842 335 881 367 et
910 329 948 367 iu
975 329 1222 381 proverbium
1249 336 1412 370 tractum
1440 338 1523 371 est:

147 385 240 425 Muli
266 384 438 424 Mariani.

264 440 303 480 8.
365 440 595 490 Theagenes
631 437 906 489 Atheniensis,
945 452 1030 479 cum
1076 442 1288 481 exercitum
1330 442 1525 495 Megaram

149 500 330 547 duceret,
358 495 577 549 petentibus
595 495 749 534 ordines
766 496 988 547 respondit,
1012 496 1065 535 ibi
1081 510 1125 536 se
1142 498 1326 540 daturum.
1373 499 1524 540 Deinde

150 556 249 595 clam
279 555 430 606 equites
454 552 649 604 praemisit
674 563 822 603 eosque
853 552 1017 591 hostium
1043 555 1176 604 specie
1201 556 1381 606 impetum
1403 558 1438 595 in
1460 569 1522 596 so-

149 613 232 652 cios
260 617 488 661 retorquere
519 609 646 646 iussit:
679 619 754 659 quo
784 608 888 646 facto
910 621 995 648 cum
1015 621 1112 661 quos
1140 610 1308 651 habebat
1334 618 1525 664 tamquam

148 669 195 708 ad
237 668 403 706 hostium
439 666 632 703 incursum
668 671 1012 715 praepararentur,
1053 667 1227 717 permisit
1264 668 1316 707 ita
1357 669 1525 708 ordinari

146 725 290 772 aciem,
329 728 370 761 ut
403 733 480 774 quo
513 722 596 772 quis
625 720 815 759 voluisset
843 721 933 759 loco
963 723 1215 767 consisteret;
1247 730 1285 762 et
1313 736 1400 763 cum
1423 726 1524 764 iner-

145 782 314 820 tissimus
347 779 510 830 quisque
538 782 645 816 retro
673 789 716 815 se
749 777 946 826 dedisset,
976 778 1120 816 strenui
1141 784 1267 818 autem
1294 780 1332 818 in
1360 780 1526 820 frontem

146 836 439 889 prosiluissent,
476 840 517 873 ut
546 845 737 885 quemque
769 834 970 872 invenerat
999 839 1181 884 stantem,
1209 836 1262 875 ita
1290 836 1338 876 ad
1369 837 1524 877 ordines

144 894 300 932 militiae
324 891 517 943 provexit.

258 949 297 988 9.
342 947 540 997 Lysander
563 945 890 985 Lacedaemonius
921 959 1122 998 egressum
1150 948 1211 988 via
1236 950 1435 1001 quemdam
1461 963 1524 990 ca-

146 1005 334 1056 stigabat:
375 1005 434 1042 cui
472 1004 635 1052 dicenti,
673 1003 720 1042 ad
758 1003 896 1041 nullius
930 1005 987 1042 rei
1024 1005 1194 1056 rapinam
1224 1018 1267 1044 se
1297 1006 1343 1046 ab
1372 1000 1522 1058 agmine

144 1063 392 1110 recessisse,
435 1059 663 1112 respondit:
709 1058 769 1098 Ne
808 1061 982 1111 speciem
1030 1061 1183 1113 quidem
1221 1064 1367 1115 rapturi
1410 1075 1522 1115 prae-

143 1119 238 1158 beas
267 1117 372 1156 volo.

260 1175 323 1213 10.
384 1173 622 1223 Antigonus,
656 1184 740 1210 cum
770 1172 885 1211 filium
906 1185 1013 1212 suum
1042 1174 1259 1214 devertisse
1287 1175 1457 1214 audisset
1485 1176 1522 1214 in

145 1234 227 1271 eius
265 1231 438 1279 domum,
477 1230 537 1268 cui
567 1234 646 1267 tres
679 1229 780 1267 filiae
817 1230 988 1279 insignes
1020 1231 1155 1282 specie
1193 1236 1347 1280 essent,
1379 1230 1520 1282 Audio,

144 1289 285 1340 inquit,
311 1287 387 1337 lili,
416 1291 578 1336 anguste
601 1284 773 1323 habitare
795 1290 855 1335 te,
884 1285 1056 1336 pluribus
1077 1286 1237 1325 dominis
1259 1278 1409 1326 domum
1431 1300 1520 1339 pos-

146 1343 378 1387 sidentibus;
423 1342 630 1392 hospitium
668 1341 792 1379 laxius
832 1343 997 1392 accipe:
1042 1342 1227 1394 iussoque
1269 1344 1521 1394 commigrare

147 1401 287 1447 edixit,
313 1412 361 1437 ne
393 1399 476 1451 quis
510 1398 632 1435 minor
663 1397 932 1448 quinquaginta
957 1409 1077 1436 annos
1107 1404 1216 1438 natus
1247 1399 1414 1452 hospitio
1445 1412 1520 1440 ma-

143 1456 376 1496 trissamilias
401 1459 585 1492 uteretur.

262 1512 327 1550 11.
378 1510 426 1558 Q.
455 1508 636 1548 Metellus
670 1508 828 1557 consul,
857 1510 1029 1560 quamvis
1062 1510 1164 1549 nulla
1203 1511 1293 1561 lege
1317 1512 1518 1564 impedire-

144 1577 226 1618 tur,
265 1569 355 1620 quin
392 1566 507 1605 lilium
545 1564 859 1604 contubernalem
895 1572 1123 1617 perpetuum
1163 1567 1351 1618 haberet,
1389 1567 1521 1607 maluit

144 1633 271 1666 tamen
301 1636 386 1663 eum
416 1623 453 1661 in
484 1622 618 1661 ordine
648 1633 813 1660 merere.

261 1680 323 1720 12.
378 1680 418 1719 Ρ.
450 1678 615 1718 Rutilius
646 1677 803 1727 consul,
833 1689 916 1716 cum
943 1679 1155 1718 secundum
1182 1679 1295 1731 leges
1320 1680 1358 1719 in
1386 1685 1517 1720 contu·

146 1739 283 1778 hernio
316 1749 385 1776 suo
412 1736 528 1774 filium
552 1733 697 1773 habere
724 1740 881 1785 posset,
904 1734 941 1772 in
971 1734 1127 1786 legione
1155 1736 1312 1775 militem
1332 1736 1438 1775 fecit.

261 1793 324 1834 13.
381 1791 432 1831 M.
464 1792 630 1830 Scaurus
670 1790 809 1839 filium,
853 1790 956 1841 quod
991 1792 1028 1829 in
1058 1792 1156 1831 saltu
1181 1792 1400 1832 Tridentino
1429 1792 1519 1831 loco

147 1850 323 1890 hostibus
355 1853 550 1895 cesserat,
587 1847 625 1885 in
654 1852 904 1897 conspectum
933 1859 1039 1886 suum
1068 1849 1203 1888 venire
1234 1849 1354 1887 iussit.
1412 1847 1518 1888 Ado-

147 1907 303 1945 lescens
331 1903 567 1944 verecundia
595 1903 824 1953 ignominiae
851 1914 1010 1954 pressus
1029 1910 1191 1943 mortem
1217 1904 1289 1944 sibi
1318 1905 1518 1944 conscivit.

263 1963 325 2001 14.
382 1960 517 1999 Castra
551 1960 755 2010 antiquitus
793 1958 955 1997 Romani
997 1966 1231 2013 ceteraeque
1261 1967 1399 2011 gentes
1431 1972 1518 2012 pas-

149 2020 219 2058 sim
252 2030 324 2069 per
357 2027 524 2068 corpora
565 2015 778 2054 cohortium
808 2014 914 2053 velut
952 2016 1116 2066 mapalia
1151 2018 1384 2056 constituere
1414 2015 1517 2054 soliti

150 2080 279 2123 erant,
312 2085 394 2111 cum
429 2071 536 2110 solos
566 2071 714 2109 urbium
742 2082 872 2110 muros
901 2077 1035 2110 nosset
1064 2074 1277 2124 antiquitas.
1334 2069 1516 2120 Pyrrhus,

149 2131 395 2183 Epirotarum
432 2140 524 2176 reX,
561 2129 704 2178 primus
743 2133 861 2166 totum
904 2129 1115 2167 exercitum
1147 2129 1217 2167 sub
1245 2126 1382 2166 eodem
1410 2126 1514 2166 vallo

151 2188 347 2227 continere
378 2184 548 2222 instituit.
610 2183 768 2222 Romani
798 2182 958 2232 deinde,
982 2185 1085 2224 victo
1117 2185 1223 2223 eoin
1245 2182 1388 2233 campis
1416 2181 1515 2222 Aru-

149 2245 241 2283 sinis
272 2243 375 2282 circa
405 2239 534 2278 urbem
564 2238 844 2288 Maleventum,
877 2240 1013 2278 castris
1045 2241 1126 2279 eius
1159 2238 1268 2290 potiti
1298 2243 1336 2276 et
1365 2238 1514 2278 ordina-

148 2301 253 2338 tione
281 2303 431 2346 notata,
459 2295 652 2347 paullatim
674 2295 720 2334 ad
741 2295 838 2334 hanc
862 2307 983 2346 usque
1006 2295 1270 2344 metationem,
1297 2305 1394 2345 quae
1418 2306 1516 2334 nunc

150 2357 290 2395 effecta
320 2361 392 2403 est,
422 2356 694 2405 pervenerunt.
