1566 2496
202 143 265 174 DE
298 141 452 182 AQUAE
478 140 706 172 noca-mus
738 138 872 171 unms
898 138 1057 170 ROMAE
1085 137 1237 168 mnan.
1328 127 1405 167 105

38 247 182 287 formas
209 256 364 298 quoque
393 244 571 283 ductuum
608 244 740 283 facere
770 243 1006 291 curavimus,
1047 254 1098 280 ex
1125 239 1262 293 quibus
1291 239 1407 292 adpa-

39 309 120 352 ret,
146 301 211 342 ubi
228 301 352 341 valles
376 306 640 351 quantaeque,
668 299 731 338 ubi
749 299 898 338 flumina
918 299 1192 346 traicerentur,
1218 296 1282 335 ubi
1302 307 1407 335 mon-

41 360 132 398 tium
164 357 348 398 lateribus
385 368 528 408 specus
563 355 770 407 adplicitae
799 357 981 394 maiorem
1015 353 1287 404 adsiduamque
1318 363 1407 404 pro·

41 413 196 466 tegendi
207 413 474 464 muniendique
495 414 650 463 exigant
666 424 807 450 curam.
851 411 947 450 Hinc
968 410 1033 449 illa
1050 410 1233 459 contingit
1249 409 1407 457 utilitas,

39 477 80 511 ut
112 478 195 510 rem
224 470 348 509 statim
375 469 494 507 veluti
531 469 568 506 in
605 474 817 519 conspectu
845 466 992 506 habere
1023 467 1215 518 possimus
1246 471 1285 503 et
1313 464 1408 504 deli-

38 526 176 566 berare
205 532 391 577 tamquam
421 525 665 564 adsistentes.

153 581 218 621 18.
277 581 417 620 Omnes
455 592 579 632 aquae
617 581 768 619 diversa
810 579 846 617 in
871 577 1010 617 urbem
1040 578 1136 617 libra
1166 576 1406 629 perveniunt.

38 637 131 678 Inde
166 637 283 676 fluunt
318 636 503 688 quaedam
540 635 739 675 altioribus
776 635 902 674 locis:
943 640 981 673 et
1020 634 1204 685 quaedam
1242 633 1338 683 erigi
1371 633 1409 671 in

40 694 289 733 eminentiora
315 704 392 731 non
415 698 594 743 possunt:
625 704 710 731 nam
734 703 833 730 nunc
863 690 987 730 colles
1019 692 1082 742 qui
1109 695 1218 738 sunt,
1248 695 1411 741 propter

39 750 293 801 frequentiam
320 748 580 786 incendiorum
607 753 864 786 excreverunt
893 746 1045 785 rudere.
1105 746 1281 796 Quinque
1310 751 1410 792 sunt,

42 816 199 857 quarum
216 804 374 843 altitudo
404 804 442 843 in
465 815 612 842 omnem
632 810 780 854 partem
805 802 911 841 urbis
936 803 1140 841 attollitur:
1169 802 1239 841 sed
1270 814 1321 840 ex
1351 801 1410 839 his

42 861 143 900 aliae
170 860 329 909 maiori,
358 859 457 898 aliae
487 859 624 898 leviori
647 871 828 910 pressura
851 865 1051 908 coguntur.
1111 858 1330 897 Altissimus
1353 863 1411 895 est

42 917 142 956 Anio
178 914 336 964 Novus,
374 915 547 966 proxima
583 913 763 963 Claudia,
801 915 952 952 tertium
994 914 1120 952 locum
1158 920 1264 952 tenet
1299 913 1410 961 Iulia,

45 977 218 1024 quartum
243 970 414 1022 Tepula,
445 971 583 1009 dehinc
606 970 771 1019 Marcia,
799 981 897 1021 quae
929 970 1055 1021 capite
1085 971 1197 1008 etiam
1227 968 1413 1008 Claudiae

43 1027 179 1066 libram
208 1033 360 1078 aequat.
420 1027 498 1066 Sed
526 1033 682 1065 veteres
702 1026 904 1065 humiliore
926 1026 1117 1064 directura
1137 1025 1412 1076 perduxerunt..

41 1084 125 1122 sive
153 1083 319 1122 nondum
343 1083 391 1122 ad
420 1082 559 1121 subtile
589 1082 790 1133 explorata
819 1088 902 1120 arte
931 1082 1115 1130 librandi,
1146 1094 1216 1120 seu
1245 1082 1333 1131 quia
1363 1092 1415 1118 ex

41 1139 225 1179 industria
253 1138 350 1178 infra
387 1144 527 1177 terram
557 1150 675 1189 aquas
705 1138 952 1188 mergebant,
989 1150 1038 1176 ne
1073 1137 1189 1176 facile
1218 1136 1265 1175 ab
1294 1136 1413 1175 hosti-

44 1194 116 1234 bus
134 1195 476 1246 interciperentur,
507 1207 591 1233 cum
611 1194 825 1246 frequentia
845 1195 968 1232 adhuc
990 1200 1121 1232 contra
1138 1193 1292 1232 Italicos
1309 1191 1415 1231 bella

43 1256 284 1301 gererentur.
341 1249 420 1289 Iam
455 1256 580 1289 tamen
614 1250 837 1301 quibusdam
874 1250 995 1299 locis,
1030 1249 1153 1288 sicubi
1182 1249 1318 1288 ductus
1347 1260 1413 1287 ve-

44 1312 183 1345 tustate
211 1306 381 1357 dilapsus
407 1313 488 1355 est,
512 1307 655 1345 omisso
677 1307 835 1345 circuitu
860 1305 1111 1344 subterraneo
1133 1305 1301 1352 vallium,
1325 1304 1414 1343 bre·

43 1362 172 1403 vitatis
208 1373 347 1411 causa,
387 1361 733 1400 substructionibus
773 1361 1134 1413 arcuationibusque
1177 1361 1412 1399 traiciuntur.

44 1418 203 1466 Sextum
226 1423 337 1456 tenet
366 1418 488 1457 librae
518 1418 644 1457 locum
673 1418 773 1456 Anio
801 1418 945 1466 Vetus,
982 1418 1155 1456 similiter
1184 1417 1414 1455 suffecturus

45 1473 159 1512 etiam
185 1473 385 1512 altioribus
412 1474 511 1513 locis
536 1474 666 1523 urbis,
698 1475 750 1523 si,
781 1473 846 1512 ubi
880 1474 1036 1512 vallium
1063 1473 1414 1524 submissarumque

45 1529 244 1579 regionum
283 1530 450 1568 conditio
489 1531 630 1580 exigit,
670 1529 1017 1568 substructionibus
1051 1529 1415 1579 arcuationibusque

39 1583 109 1622 ‘vel
139 1585 287 1623 erismis
317 1586 545 1635 erigeretur.
606 1586 784 1636 Sequitur
812 1585 920 1623 huius
942 1585 1076 1624 libram
1098 1585 1246 1635 Virgo,
1276 1584 1416 1623 deinde

46 1638 191 1689 Appia:
220 1651 319 1690 quae
339 1652 423 1678 cum
453 1653 503 1678 ex
522 1640 668 1679 urbano
689 1651 784 1690 agro
813 1641 1139 1690 perducerentur,
1173 1652 1248 1679 non
1278 1641 1315 1678 in
1335 1646 1415 1678 tan·

47 1699 125 1732 tum
153 1694 358 1733 altitudinis
397 1695 494 1744 erigi
523 1701 743 1746 potuerunt.
803 1695 986 1735 Omnibus
1023 1696 1201 1735 humilior
1226 1696 1416 1735 Alsietina

50 1754 131 1798 est,
168 1761 267 1800 quae
301 1749 609 1789 Transtiberinae
644 1752 794 1801 regioni
824 1758 862 1790 et
889 1753 1050 1792 maxime
1079 1752 1293 1791 iacentibus
1317 1751 1417 1791 locis

49 1805 182 1843 servit.

164 1861 226 1900 19.
285 1859 345 1900 Ex
380 1860 438 1900 his
476 1873 546 1900 sex
581 1862 643 1901 via
673 1861 825 1912 Latina,
852 1864 948 1903 intra
977 1873 1043 1902 vn
1072 1863 1293 1913 miliarium,
1325 1875 1416 1902 con-

49 1912 161 1954 tectis
182 1917 339 1967 piscinis
361 1918 624 1968 excipiuntur,
646 1918 711 1957 ubi
735 1920 843 1970 quasi
867 1921 1083 1971 respirante
1108 1921 1276 1958 rivorum
1304 1932 1417 1958 cursu

23 2024 26 2025 ⁷
50 1971 175 2011 limum
205 1972 412 2024 deponunt.
470 1972 606 2012 Modus
635 1985 788 2025 quoque
819 1987 948 2014 earnm
967 1976 1154 2014 mensuris
1175 1976 1316 2016 ibidem
1347 1986 1417 2026 po-

48 2028 131 2066 sitis
169 2029 293 2066 initur.
352 2028 521 2067 Unantur
549 2029 636 2068 inde
664 2029 781 2080 Iulia,
821 2030 964 2071 Marcia
994 2039 1033 2071 et
1059 2031 1228 2083 Tepula;
1260 2042 1417 2083 quarum

49 2082 217 2134 Tepula,
256 2096 355 2135 quae
394 2085 631 2136 intercepta,
669 2086 767 2125 sicut
795 2098 911 2137 supra
940 2087 1302 2134 demonstravimus,
1334 2087 1418 2124 rivo

50 2137 168 2178 Iuliae
198 2146 442 2189 accesserat,
473 2152 571 2179 nunc
602 2153 623 2180 a
647 2142 795 2192 piscina
825 2143 996 2182 eiusdem
1026 2143 1146 2182 Iuliae
1175 2143 1326 2182 modum
1354 2152 1417 2180 ac·

52 2193 144 2244 cipit
171 2207 217 2234 ac
244 2197 403 2247 proprio
427 2196 549 2235 canali
570 2202 609 2234 et
633 2197 784 2236 nomine
812 2198 927 2237 venit.
986 2198 1068 2238 Hae
1098 2206 1178 2238 tres
1207 2211 1228 2237 a
1261 2196 1417 2248 piscinis

50 2248 275 2290 in⁸eosdem
303 2263 415 2291 arcus
449 2253 696 2302 recipiuntur.
756 2254 930 2292 Summus
958 2255 995 2293 in
1020 2255 1079 2294 his
1110 2260 1170 2293 est
1199 2253 1331 2301 Iuliae,
1361 2253 1415 2290 in-

50 2301 168 2343 ferior
195 2306 390 2358 Tepulae;
428 2308 566 2347 deinde
604 2307 760 2351 Marcia.
821 2309 930 2358 Quae
963 2310 1010 2350 ad
1046 2310 1180 2349 libram
1211 2308 1323 2346 collis
1350 2307 1416 2345 vi-
