1566 2496
111 121 227 152 XVIII
543 123 807 155 PRAEFATIO
832 123 1066 156 EDITORIS.

114 229 167 266 Cf.
191 229 236 265 de
263 227 423 276 aquaed.
444 231 500 268 19.
521 232 599 268 102.
645 229 740 267 Oud.
770 229 1037 279 hinnitumque.-
1063 243 1132 279 pro
1153 243 1226 280 quo
1247 233 1381 271 melius
1401 239 1504 272 esset

111 296 194 322 cum
212 285 365 322 hinnitu.
391 279 408 338 Η
437 287 495 323 35.
514 286 576 331 iis)
596 297 667 334 ego
702 287 856 323 inserui.
887 281 905 340 ΙΙ
933 290 991 327 37.
1021 288 1128 325 adse
1149 290 1195 327 el.
1217 293 1375 337 secreto)
1417 291 1503 328 Non

112 342 313 378 delendum
333 346 472 378 secreto
492 342 617 385 (unter
635 343 716 379 vier
735 344 888 391 Augen)
913 355 998 381 cum
1023 345 1151 392 Lipsio
1167 350 1236 392 est,
1257 346 1325 382 sed
1347 349 1503 384 coniun-

109 399 273 447 gendum
292 410 379 442 curn
393 400 555 446 pecunia
586 400 774 436 instruxit.
828 401 992 438 Petrens.
1026 401 1176 438 exhibet
1202 405 1435 450 arcessitum,
1464 404 1502 440 in

111 467 184 503 quo
203 457 288 503 plus
311 456 425 500 inest,
460 466 569 502 quam
601 457 751 504 glossae
775 458 943 504 species;
985 458 1096 494 immo
1123 462 1159 494 et
1189 459 1345 496 adiuvat
1379 471 1501 497 meam

109 512 408 549 emendationem
443 516 479 547 et
513 513 614 549 favet
646 524 752 549 meae
784 515 1060 550 commutationi
1099 515 1205 551 vocis
1231 521 1382 554 secreto.
1403 510 1421 569 Η
1441 519 1500 555 39.

107 573 223 615 metu)
241 570 357 605 Palat.
388 570 537 606 minata.
574 563 591 621 Η
623 573 682 607 42.
711 571 855 616 milites)
879 570 954 607 Res
985 575 1021 607 et
1043 572 1135 607 ratio
1165 577 1393 619 coarguunt,
1423 573 1499 609 duo

106 627 277 674 exempla
298 626 335 661 in
355 636 468 661 unum
489 627 675 662 coaluisse
694 627 932 663 conniventia
949 627 1101 672 librarii,
1117 628 1223 664 cuius
1240 630 1336 664 oculi
1363 640 1386 665 a
1406 639 1499 666 voce

105 683 232 719 milites
247 682 296 718 ad
311 682 470 718 eandem
491 694 623 719 vocem
641 683 790 719 alterius
807 684 968 730 exempli
986 685 1264 721 aberraverunt.
1287 679 1304 736 ΙΙ
1323 689 1382 724 45.
1397 687 1499 730 cum)

104 739 158 775 lta
183 740 318 786 scripsi
338 740 423 786 (pro
439 740 542 786 quia)
562 744 714 787 propter
734 751 811 787 seq.
833 745 1083 788 aynoscerent.

216 847 259 888 In
288 848 410 898 libro,
444 860 557 900 quem
587 847 792 888 Frontinus
822 848 870 888 de
908 861 1032 901 aquae
1072 849 1249 889 ductibus
1278 848 1386 890 urbis
1418 849 1496 889 Ro·
1565 878 1566 895 ³

104 918 189 945 mae
228 905 407 958 reliquit,
447 905 655 956 diligenter
690 905 917 944 examinatis
958 905 1171 945 rationibus
1216 906 1309 946 nihil
1352 913 1496 946 mutan·

106 963 193 1002 dum
225 975 314 1002 esse
365 962 519 1011 censui,
566 963 745 1013 exceptis
791 962 859 1012 iis,
903 974 1002 1014 quae
1041 963 1268 1014 typothetae
1314 963 1428 1015 culpa
1459 964 1498 1002 in

103 1020 235 1071 priore
264 1030 350 1057 mea
378 1017 557 1057 Editione
589 1024 742 1058 exstant
772 1024 899 1058 errata
930 1019 1143 1070 permulta,
1189 1019 1268 1058 Sed
1293 1025 1429 1069 restat,
1456 1025 1497 1059 ut

104 1076 151 1115 de
185 1074 484 1126 orthographia,
516 1086 628 1127 quam
665 1081 827 1124 vocant,
869 1087 994 1126 pauca
1025 1076 1219 1126 attingam.
1278 1074 1401 1123 Quum
1430 1087 1494 1115 an·

103 1139 166 1171 tea
198 1133 235 1171 in
265 1143 351 1170 meo
393 1130 479 1170 libri
519 1132 567 1170 de
606 1143 730 1183 aquae
769 1131 945 1171 ductibus
981 1131 1162 1183 exemplo
1190 1130 1369 1181 vulgatae
1399 1131 1494 1171 scri-

102 1188 219 1228 bendi
249 1189 386 1228 rationi
412 1187 585 1226 addictus
614 1189 772 1237 fuerim,
803 1199 903 1226 nunc
933 1187 1054 1226 libros
1084 1198 1194 1225 manu
1223 1188 1393 1239 scriptos
1423 1189 1493 1227 ite·

101 1258 184 1284 rum
221 1251 437 1293 scrutatus,
477 1250 698 1283 constanter
735 1244 874 1294 scripsi
905 1256 997 1283 cum
1026 1244 1118 1294 (pro
1152 1245 1319 1295 quum),
1348 1255 1493 1294 causa,

101 1303 236 1351 milia,
279 1306 471 1352 quattuor
510 1300 780 1351 (quadtuor),
809 1299 1012 1350 traicere,
1048 1300 1258 1349 subicere,
1291 1302 1491 1352 quotiens,

101 1358 195 1406 alia,
227 1363 384 1395 secutus
422 1356 725 1406 antiquissimum
763 1361 803 1394 et
836 1356 1204 1406 praestantissimum
1243 1355 1331 1395 cod.
1363 1354 1491 1396 Cassi-

100 1425 282 1462 nensem,
322 1412 383 1451 cui
421 1411 649 1463 plerumque
683 1411 946 1451 adsentiuntur
984 1411 1148 1452 Urbinas
1183 1417 1223 1451 et
1259 1412 1490 1457 Vaticanus:

101 1470 306 1521 eidemque
344 1468 483 1507 rationi
516 1469 554 1507 in
586 1469 938 1519 Strategematicon
979 1468 1089 1508 libris
1125 1479 1197 1507 nos
1235 1469 1491 1518 adiunximus,

101 1527 188 1578 quia
228 1527 340 1565 etiam
379 1526 416 1564 in
452 1536 584 1563 eorum
623 1525 825 1564 codicibus
862 1536 939 1563 non
969 1525 1082 1564 aliter
1114 1537 1159 1563 se
1189 1524 1364 1576 pluribus
1390 1525 1490 1564 locis

100 1589 297 1622 exaratum
333 1581 640 1633 deprehendisse
672 1587 834 1620 testatur
874 1579 1185 1632 Oudendorpius.
1244 1581 1319 1621 Ubi
1351 1582 1491 1634 scripsi

97 1641 313 1688 adnotat-e,
345 1639 578 1689 adplicare,
598 1639 815 1689 obponere,
839 1638 1070 1687 conlocare,
1099 1638 1293 1688 inlicitus,
1322 1638 1490 1690 inroya-

97 1703 174 1743 tus,
208 1697 244 1734 in
274 1696 333 1734 his
364 1706 519 1747 quoque
552 1695 715 1745 aliisque
743 1693 927 1733 similibus
961 1693 1251 1744 diligentissime
1282 1705 1392 1733 meos
1422 1705 1488 1733 co·

96 1752 203 1791 dices
233 1759 389 1791 secutus
428 1763 531 1800 sum,
573 1751 815 1802 eandemque
851 1752 1037 1789 rationem
1072 1750 1186 1789 etiam
1221 1750 1259 1788 in
1288 1751 1488 1800 stratege-

95 1810 260 1847 maticon
303 1808 433 1857 libris,
481 1806 757 1858 Oudendorpio
805 1813 986 1856 auctore,
1038 1806 1266 1858 plerumque
1316 1806 1487 1846 retinere

94 1876 170 1903 non
201 1864 389 1903 dubitavi:
425 1865 461 1902 in
492 1864 537 1902 iis
566 1863 754 1914 denique,
796 1863 932 1915 quibus
970 1863 1123 1902 nimium
1160 1863 1364 1914 indulgere
1396 1861 1487 1901 mihi

93 1920 295 1960 videbatur
345 1919 665 1971 OudendorpiuS,
709 1921 887 1972 quoniam
934 1920 1018 1959 eius
1053 1919 1214 1959 codices
1259 1918 1486 1970 inspiciendi

95 1978 207 2029 copia
245 1976 333 2015 mihi
375 1987 452 2015 non
498 1975 590 2026 fuit,
641 1977 724 2027 ipse
767 1982 805 2015 et
842 1977 971 2016 iudicii
1008 1975 1224 2028 periculum
1253 1975 1484 2026 culpamque

97 2039 281 2086 praestet.

201 2137 469 2183 Embricae‚
490 2147 618 2173 mense
640 2138 757 2184 Aprili
779 2149 812 2174 a.
832 2142 1063 2175 MDCCCLV.

1110 2242 1151 2286 A.
1177 2241 1372 2286 Dederieh.
