1566 2496
156 111 235 152 104
595 119 696 151 SEX.
726 118 840 150 mnu
870 118 1095 152 nomm

156 223 287 262 tudine
317 222 534 275 adpellatus
557 228 638 271 est,
669 228 708 261 et
730 220 876 261 Curtio.
933 221 1089 275 Accipit
1111 229 1150 262 et
1174 235 1260 262 eum
1281 223 1440 274 fontem,
1471 224 1537 276 qui

153 276 316 318 vocatur
346 279 581 328 Albudinus,
618 284 746 317 tantae
780 278 984 328 bonitatis,
1015 285 1055 318 ut
1083 278 1253 319 Marciae
1285 291 1441 332 quoque
1469 280 1534 319 ad-

154 337 317 385 iutorio,
350 336 529 387 quotiens
560 346 658 386 opus
690 342 771 384 est,
803 336 854 374 ita
884 335 1071 386 sufficiat,
1102 342 1142 375 ut
1169 336 1345 376 adiectus
1375 337 1412 376 ei
1441 336 1535 376 nihil

155 405 204 431 ex
243 392 426 443 qualitate
466 393 549 431 eius
587 397 718 430 mutet.
778 391 978 442 Augustae
1018 392 1127 442 fons,
1159 393 1247 443 quia
1285 392 1431 432 Marcia
1461 392 1535 431 sibi

153 448 337 487 sufficere
360 448 594 500 adparebat,
627 449 663 486 in
689 446 884 487 Claudiam
905 447 1111 500 derivatusg
1131 455 1209 493 est;
1236 455 1413 489 manente
1439 449 1534 488 nihi-

153 506 317 544 lominus
334 505 587 556 praesidiario
609 505 646 542 in
665 503 862 553 Marciam,
894 510 933 542 ut
950 505 1000 543 ita
1019 504 1168 543 demum
1189 503 1383 545 Claudiam
1400 517 1536 556 aquam

153 562 353 600 adiuvaret
369 560 540 611 Augusta
556 590 567 610 ,
599 562 631 598 si
656 573 739 599 eam
760 560 896 599 ductus
913 559 1082 600 Marciae
1107 572 1183 599 non
1203 569 1374 612 caperet.
1422 560 1535 600 Clau-

155 618 242 657 diae
265 617 402 656 ductus
427 617 542 656 habet
563 617 838 667 longitudinem
864 629 1045 668 passuum
1060 626 1171 656 XLVI
1190 617 1333 656 milium
1350 626 1534 657 CCCCVI:

154 687 204 714 ex
229 686 277 713 eo
303 675 387 713 rivo
414 673 669 712 subterraneo
686 684 867 724 passuum
886 682 1034 712 XXXVI
1050 673 1191 712 milium
1208 681 1383 718 ccxxx;
1413 685 1536 725 opere

153 742 272 782 supra
309 736 451 769 terram
482 742 663 781 passuum
701 739 731 767 X
762 729 903 768 milium
934 738 1127 768 CLXXVI:
1166 741 1217 768 ex
1245 740 1294 769 eo
1325 741 1447 781 opere
1476 740 1536 768 ar-

154 793 267 826 cuato
300 787 338 824 in
376 787 568 837 superiori
608 792 718 837 parte
755 785 928 837 pluribus
966 785 1065 824 locis
1095 797 1276 837 passuum
1311 795 1364 824 ΙΙΙ
1391 786 1535 824 milium

154 852 322 893 LXXVI,
354 848 394 881 et
420 853 545 894 prope
575 842 709 880 urbem
732 853 754 881 a
779 851 844 880 VII
866 841 1029 881 miliario
1051 841 1340 881 substructione
1368 842 1536 880 rivorum

154 912 227 951 per
251 910 389 950 passus
413 907 546 947 DCIX,
580 909 702 950 opere
721 904 879 937 arcuato
902 910 1082 949 passuum
1098 907 1145 937 VI
1167 898 1307 937 milium
1330 905 1536 937 ccccxcl.

271 956 334 994 15.
393 954 493 994 Anio
523 953 657 993 Novus
682 955 743 993 via
769 954 1018 1004 Sublacensi,
1049 954 1096 993 ad
1122 954 1322 1000 miliarium
1348 963 1468 1000 XLII,
1499 953 1538 991 in

154 1012 346 1052 Subruino
373 1012 565 1062 excipitur
593 1023 643 1050 ex
672 1010 845 1055 flumine;
877 1011 1002 1062 quod,
1029 1022 1113 1049 cum
1135 1016 1260 1050 terras
1282 1010 1405 1050 cultas
1434 1011 1538 1049 circa

155 1081 199 1107 se
237 1068 378 1107 habeat
415 1068 493 1106 loci
534 1068 685 1119 pinguis
727 1073 766 1106 et
794 1067 882 1106 inde
912 1068 1016 1118 ripas
1043 1066 1274 1117 solutiores,
1312 1067 1425 1106 etiam
1453 1066 1537 1104 sine

154 1125 370 1177 pluviarum
394 1124 529 1162 iniuria
547 1124 722 1162 limosum
746 1129 785 1162 et
808 1123 1064 1162 turbulentum
1087 1123 1188 1162 fluit:
1221 1123 1390 1174 ideoque
1414 1134 1436 1162 a
1456 1122 1539 1161 fan-

155 1180 265 1220 cibus
296 1181 431 1219 ductus
459 1180 688 1232 interposita
714 1186 773 1218 est
798 1180 945 1231 piscina
975 1179 1143 1229 limaria,
1173 1178 1246 1219 ubi
1267 1178 1367 1218 inter
1389 1189 1538 1217 amnem

157 1244 195 1276 et
227 1249 387 1289 specum
417 1237 649 1275 consisteret
675 1242 713 1275 et
737 1236 948 1287 liquaretur
972 1247 1084 1287 aqua.
1144 1235 1210 1274 Sic
1240 1247 1411 1287 quoqne,
1441 1245 1538 1286 quo·

153 1294 254 1332 tiens
291 1293 435 1332 imbres
467 1293 764 1344 superveniunt,
799 1293 948 1331 turbida
979 1291 1157 1343 pervenit
1179 1291 1218 1330 in
1244 1291 1392 1331 urbem.
1451 1290 1537 1329 Iun-

154 1351 257 1400 gitur
281 1351 316 1387 ei
347 1350 451 1387 rivus
480 1348 769 1397 Herculaneus,
812 1350 940 1386 oriens
972 1347 1107 1386 eadem
1138 1348 1222 1397 via,
1260 1348 1309 1387 ad
1337 1347 1538 1386 miliarium

154 1415 360 1454 XXXVIII,
389 1417 410 1442 e
447 1405 608 1454 regione
640 1404 797 1442 fontium
832 1403 1015 1442 Claudiae
1043 1409 1148 1442 trans
1178 1403 1317 1442 flumen
1344 1403 1540 1453 viamque,

155 1468 290 1501 natura
320 1460 569 1512 purissimus,
601 1460 670 1498 sed
700 1461 837 1498 mixtus
866 1460 1027 1510 gratiam
1053 1458 1274 1510 splendoris
1302 1459 1361 1497 sui
1389 1458 1535 1497 amittit.

154 1517 303 1556 Ductus
339 1516 500 1555 Anionis
538 1515 638 1555 Novi
677 1516 796 1555 eflicit
835 1527 972 1567 passus
1000 1524 1115 1554 LVIII
1139 1514 1240 1554 milia
1268 1522 1380 1554 Dcc:
1408 1525 1459 1552 ex
1488 1523 1538 1551 eo

155 1575 240 1612 rivo
271 1573 525 1612 subterraneo
551 1584 688 1624 passus
713 1581 825 1611 XLIX
852 1572 954 1611 milia
970 1579 1077 1616 CCC;
1107 1582 1233 1622 opere
1255 1582 1372 1623 supra
1398 1575 1540 1609 terram

154 1642 294 1682 passus
319 1639 370 1668 IX
400 1629 501 1668 milia
529 1637 669 1668 cccc:
698 1641 749 1667 ex
778 1640 826 1667 eo
857 1626 1206 1667 substructionibus
1236 1633 1300 1666 aut
1329 1638 1451 1678 opere
1480 1637 1540 1664 ar-

156 1693 269 1726 cuato
299 1685 491 1737 superiori
523 1691 632 1736 parte
663 1685 836 1736 pluribus
867 1685 966 1723 locis
1001 1696 1140 1735 passus
1168 1693 1203 1723 11
1231 1683 1335 1723 milia
1364 1690 1471 1731 ccc,
1501 1687 1541 1719 et

155 1744 316 1794 propius
352 1741 484 1780 urbem
519 1754 539 1780 a
576 1750 641 1779 VII
669 1741 830 1780 miliario
871 1740 1157 1779 substructione
1197 1740 1365 1778 rivorum
1401 1748 1539 1790 passus

155 1807 269 1837 DCIX
282 1829 292 1847 ,
326 1810 448 1849 opere
477 1803 635 1836 arcuato
653 1810 791 1849 passus
806 1807 853 1836 VI
873 1797 974 1835 milia
992 1804 1199 1836 CCCCXCI.
1256 1795 1304 1834 Hi
1323 1800 1410 1834 sunt
1427 1803 1540 1834 arcus

156 1854 355 1903 altissimi,
386 1854 577 1893 sublevati
602 1854 639 1891 in
669 1853 895 1905 quibusdam
928 1853 1026 1891 locis
1058 1861 1135 1892 (ΠΧ
1164 1852 1301 1904 pedes.

273 1910 335 1949 16.
399 1909 472 1948 Tot
503 1922 681 1961 aquarum
712 1916 787 1948 tam
815 1909 942 1948 multis
968 1909 1203 1948 necessariis
1231 1906 1395 1947 molibus
1425 1915 1539 1958 pyra-

155 1965 301 2013 midas3
331 1966 516 2004 videlicet
546 1966 716 2015 otiosas,
749 1977 979 2017 compareS,
1008 1971 1072 2004 aut
1100 1965 1236 2004 inertia
1261 1963 1332 2003 sed
1350 1962 1448 2002 fama
1473 1972 1537 1999 ce-

158 2021 306 2061 lebrata
338 2033 460 2072 opera
478 2020 755 2060 Graecorum?

271 2078 335 2116 17.
395 2076 483 2115 Non
514 2078 677 2116 alienum
707 2078 796 2116 mihi
824 2079 946 2116 visum
981 2082 1064 2127 est,
1094 2075 1351 2127 longitudines
1381 2083 1538 2124 quoque

155 2135 324 2172 rivorum
350 2133 535 2184 cuiusque
559 2134 694 2173 ductus
720 2135 833 2172 etiam
858 2146 928 2185 per
952 2134 1107 2185 species
1133 2142 1295 2184 operum
1315 2128 1537 2180 complecti.

155 2189 251 2229 Nam
281 2202 366 2228 cum
395 2190 557 2227 maxima
581 2189 692 2228 huius
718 2190 837 2228 officii
865 2202 955 2241 pars
983 2190 1020 2228 in
1047 2188 1168 2228 tutela
1194 2197 1326 2226 eorum
1342 2185 1403 2234 sit,
1435 2185 1537 2224 scire

157 2247 421 2298 praepositum
441 2250 618 2296 oportet,
654 2258 753 2296 quae
779 2247 923 2285 maiora
947 2244 1139 2296 impendia
1168 2243 1336 2293 exigant.
1396 2239 1538 2280 Nostra

158 2303 312 2353 quidem
347 2301 606 2340 sollicitudine
645 2312 719 2339 non
765 2302 926 2351 sufficit,
964 2299 1113 2350 singula
1139 2298 1265 2337 oculis
1299 2296 1536 2340 subiecisse;
