1566 2496
100 118 152 158 30
512 162 515 165 ,
541 129 640 161 SEx.
664 129 787 169 ,1111211
817 130 1042 163 FRONTIM

211 230 251 271 2.
312 230 381 273 cn.
412 231 617 284 Pompeius
653 234 691 272 in
729 233 980 286 Cappadocia
1016 234 1138 285 elegit
1175 236 1314 275 castris
1351 236 1480 277 locum

99 288 261 333 editum;
298 288 421 338 unde,
460 289 663 329 adiuvante
702 291 881 342 proclivo
918 292 1100 343 impetum
1142 292 1324 343 militum,
1364 293 1481 333 facile
1548 311 1549 314 ¹

98 345 185 396 ipso
215 345 383 383 decursu
410 344 666 385 Mithridatem
695 348 905 399 superavit.

210 401 249 441 3.
311 399 354 440 C.
391 400 561 452 Caesar,
606 403 792 442 adversus
829 403 1064 443 Pharnacem
1101 402 1330 442 Mithridatis
1364 404 1481 444 filium

98 458 368 507 dimicaturus,
400 458 438 496 in
469 458 573 497 colle
601 460 777 499 instruxit
798 460 942 504 aciem;
976 471 1074 511 quae
1102 471 1167 498 res
1198 460 1418 511 expeditam
1446 462 1481 499 ei

96 515 192 554 fecit
221 516 444 554 victoriam:
483 527 569 553 nam
598 516 698 568 pila,
739 529 789 555 ex
826 516 930 556 edito
968 516 1007 555 in
1043 516 1253 555 subeuntes
1291 516 1481 556 barbaros
1526 556 1531 563 ,

98 572 263 622 emissa,
293 572 467 622 protinus
494 583 564 610 eos
595 579 830 611 averterunt.

209 629 248 668 4.
308 627 507 677 Lucullus,
538 627 725 667 adversus
753 628 1011 668 Mithridatem
1041 634 1080 667 et
1108 627 1315 679 Tigranem
1341 630 1378 667 in
1409 629 1481 667 Ar-

96 686 222 724 menia
246 686 392 724 maiore
416 683 516 735 apud
541 684 857 735 Tigranocertam
882 685 1151 731 dimicaturus,
1178 684 1292 724 collis
1318 686 1483 737 proximi

95 742 251 793 planum
275 741 461 781 verticem
483 742 619 792 raptim
642 753 726 780 cum
751 743 948 793 copiarum
973 747 1083 793 parte
1108 740 1293 792 adeptus,
1326 742 1364 780 in
1379 742 1480 790 v‚sub-

95 800 223 837 iectos
250 799 384 837 hostes
414 797 634 836 decucurrit
664 804 703 836 et
726 799 935 848 equitatum
964 796 1098 836 eorum
1123 809 1145 836 a
1174 797 1298 836 latere
1328 798 1480 848 invasit,

97 866 354 907 aversumque
384 860 423 892 et
452 854 676 892 eorumdem
701 861 849 905 partem
871 854 1040 904 peditum
1068 853 1356 905 proturbantem
1380 855 1480 893 inse-

98 917 230 960 cutus,
254 911 514 950 ⁴clarissimam
543 911 746 948 victoriam
768 910 910 949 retulit.

212 968 251 1006 5.
308 966 511 1005 Ventidius
535 966 722 1006 adversus
746 966 909 1006 Parthos
938 976 1015 1004 non
1039 972 1126 1005 ante
1153 966 1311 1006 militem
1332 967 1478 1016 eduxit,

97 1036 211 1076 quam
240 1024 297 1062 illi
322 1023 540 1075 quingentis
561 1035 637 1062 non
661 1023 824 1074 amplius
848 1021 1026 1074 passibus
1055 1022 1259 1068 abessent;
1293 1030 1408 1075 atque
1431 1024 1482 1062 ita

96 1081 354 1132 procursione
388 1079 513 1118 subita
543 1080 642 1118 adeo
675 1091 719 1118 se
747 1079 935 1128 admovit,
974 1084 1014 1117 ut
1040 1079 1224 1129 sagittas,
1262 1079 1401 1131 quibus
1432 1092 1482 1118 ex

97 1137 308 1188 longinquo
339 1148 431 1175 usus
461 1141 543 1185 est,
580 1137 791 1174 comminus
820 1135 1025 1186 adplicitus
1057 1134 1255 1174 eluderet:
1283 1147 1361 1186 quo
1390 1147 1480 1174 con-

96 1193 207 1243 silio,
239 1194 328 1245 quia
359 1192 558 1244 quamdam
588 1192 751 1231 fiduciae
773 1193 885 1231 etiam
912 1191 1084 1243 speciem
1102 1196 1385 1242 ostentaverat,
1417 1204 1481 1246 ce-

96 1250 232 1288 leriter
259 1249 449 1289 barbaros
477 1248 701 1287 debellavit.

209 1307 248 1346 6.
306 1304 516 1354 Hannibal,
547 1304 647 1355 apud
677 1303 961 1342 Numistronem
993 1307 1127 1342 contra
1157 1302 1382 1343 Marcellum
1413 1316 1480 1356 pu-

97 1368 302 1413 gnaturus,
333 1372 449 1399 cavas
481 1366 519 1398 et
549 1365 776 1411 praeruptas
804 1360 887 1398 vias
915 1359 1062 1398 obiecit
1091 1371 1113 1398 a
1138 1358 1281 1404 latere;
1317 1361 1479 1412 ipsaque

98 1418 176 1458 loci
205 1424 339 1457 natura
375 1427 446 1468 pro
474 1417 716 1455 munimentis
749 1428 863 1465 usus,
895 1415 1148 1454 clarissimum
1176 1416 1314 1455 ducem
1346 1418 1451 1456 vicit.

211 1476 248 1513 7.
307 1472 414 1513 Idem
429 1472 529 1524 apud
541 1471 705 1522 Cannas,
723 1483 809 1510 cum
831 1472 1103 1523 comperisset,
1115 1471 1304 1511 Volturno
1318 1473 1479 1525 (vento)

102 1530 323 1581 Vergellum
357 1541 505 1568 amnem
535 1529 634 1568 ultra
662 1528 900 1579 reliquorum
929 1534 1099 1566 naturam
1129 1524 1320 1567 fluminum
1347 1530 1480 1580 ingen-

97 1594 159 1626 tes
187 1598 300 1625 auras
325 1597 436 1624 mane
463 1585 656 1650 proflare,
689 1597 787 1636 quae
814 1596 1016 1624 arenarum
1045 1590 1084 1622 et
1112 1584 1284 1635 pulveris
1310 1587 1480 1624 vertices

99 1649 282 1694 agerent,
314 1643 371 1681 sic
401 1642 542 1681 direxit
568 1642 714 1691 aciem,
754 1647 793 1679 ut
818 1647 898 1680 tota
926 1642 985 1679 vis
1011 1652 1032 1679 a
1062 1646 1176 1691 tergo
1207 1642 1312 1690 suis,
1341 1640 1479 1681 Roma-

98 1701 156 1738 nis
178 1701 215 1738 in
239 1711 307 1738 ora
328 1704 367 1737 et
393 1698 531 1737 oculos
552 1698 752 1737 incideret.
814 1696 960 1745 Quibus
982 1696 1234 1739 incommodis
1261 1697 1356 1736 mire
1378 1697 1482 1737 hosti

99 1755 414 1803 adversantibus,
446 1754 549 1793 illam
579 1753 868 1793 memorabilem
898 1753 1063 1805 adeptus
1093 1759 1154 1792 est
1183 1754 1398 1792 victoriam.

213 1811 251 1851 8.
311 1810 476 1861 Marius,
513 1810 701 1849 adversus
740 1808 918 1848 Cimbros
962 1816 1001 1848 et
1040 1808 1238 1848 Teutonos
1275 1811 1482 1849 constituta

100 1867 162 1907 die
190 1873 449 1919 pugnaturus,
489 1866 676 1908 firmatum
714 1865 802 1905 cibo
831 1866 989 1905 militem
1028 1871 1115 1904 ante
1144 1872 1271 1905 castra
1301 1865 1480 1906 conloca-

99 1924 176 1973 vit,
215 1929 257 1962 ut
295 1935 367 1974 per
399 1923 630 1974 aliquantum
662 1922 797 1973 spatii,
835 1933 916 1975 -quo
954 1922 1166 1961 adversarii
1193 1921 1480 1970 dirimebantur,

101 1980 298 2019 exercitus
323 1979 486 2017 hostium
516 1979 644 2029 potius
673 1978 808 2018 labore
839 1979 986 2017 itineris
1021 1977 1316 2029 profligaretur:
1343 1978 1479 2028 fatiga-

101 2036 195 2075 tioni
233 2034 371 2074 deinde
409 2046 541 2081 eorum
577 2035 858 2074 incommodum
888 2034 990 2074 aliud
1021 2033 1185 2084 obiecit,
1226 2035 1278 2073 ita
1308 2033 1480 2072 ordinata

102 2093 210 2142 acie,
239 2097 280 2130 ut
308 2091 476 2130 adverso
506 2090 591 2130 sole
623 2097 662 2129 et
690 2097 805 2130 vento
834 2097 872 2129 et
901 2090 1064 2143 pulvere
1082 2088 1332 2129 barbarorum
1363 2101 1479 2128 occu-

102 2154 260 2201 paretur
288 2147 497 2187 exercitus.

215 2204 253 2244 9.
315 2201 547 2242 Cleomenes
577 2201 906 2242 Lacedaemonius
944 2203 1129 2242 adversus
1155 2200 1332 2252 Hippiam
1362 2201 1479 2241 Athe·
1522 2251 1523 2255 Ἰ
1565 2250 1566 2258 ¹

100 2262 296 2311 nieusem,
321 2260 386 2312 qui
410 2260 580 2310 equitatu
600 2259 874 2309 praevalebat,
879 2259 1115 2322 planiciem,
1132 2258 1170 2295 iu
1188 2269 1263 2308 qua
1285 2257 1479 2297 dimicatu-

101 2330 167 2357 rus
192 2323 296 2368 erat,
326 2314 528 2359 arboribus
554 2315 757 2367 prostratis
784 2314 983 2367 impedivit
1007 2320 1045 2354 et
1070 2314 1207 2353 inviam
1231 2314 1350 2366 equiti
1372 2314 1479 2354 fecit.
