1566 2496
154 125 233 166 128
601 137 701 169 SEX.
727 137 844 168 mur
875 137 1100 169 Fsson'rlm

151 249 305 278 EXTRA
358 249 593 288 INTRAQUE
638 250 796 281 URBEM
843 250 1092 282 DUCERENT
1140 251 1318 295 AQUAS,
1371 253 1536 292 QUIBUS

152 305 453 335 ADTRIBUTAE
483 305 676 349 ESSENT,
709 307 752 345 Q.
768 307 814 337 D.
830 307 873 338 Ε.
891 307 934 338 R.
951 308 994 338 F.
1009 308 1050 339 P.
1067 308 1115 338 D.
1132 307 1175 339 E.
1193 308 1236 339 R.
1252 310 1281 340 Ι.
1300 309 1339 340 C.
1371 310 1450 340 UTI
1474 309 1535 340 IIS

150 361 300 400 L‘SQUE
333 362 554 392 MANERET
582 362 868 393 ADTRIBUTIO
890 363 1134 407 AQUARUM,
1164 364 1388 396 EXCEPTIS
1412 366 1534 405 QUAE

150 419 199 448 IN
229 418 353 449 USUM
391 419 676 450 BALNEARUM
705 419 880 450 ESSENT
913 420 1071 452 DATAE
1099 421 1191 451 AUT
1225 422 1425 453 AUGUSTI
1454 422 1535 454 NO—

150 475 287 518 MINE,
337 475 496 513 QUOAD
534 475 673 507 IIDEM
710 477 883 507 DOMINI
921 477 1240 509 POSSIDERENT
1280 479 1330 509 ID
1366 479 1534 522 SOLUM,

149 532 198 562 IN
226 532 320 570 QUO
351 531 657 563 ACCEPISSENT
690 533 865 572 AQUAM.

266 579 359 619 109.
423 578 516 618 Cum
542 591 684 619 vacare
709 581 860 632 aliquae
884 587 1098 633 coeperunt
1117 593 1263 633 aquae,
1295 582 1535 622 adnuntiatur

149 642 187 674 et
219 637 255 674 in
286 637 581 675 commentarios
606 637 815 688 redigitur,
848 638 911 688 qui
936 639 1214 690 respiciuntur,
1241 645 1283 677 ut
1302 639 1533 690 petitoribus

149 705 200 731 ex
234 694 368 732 vacuis
405 693 485 731 dari
526 694 687 744 possint.
747 693 825 732 Has
862 705 982 745 aquas
1013 695 1138 733 statim
1165 695 1400 735 intercidere
1429 696 1532 735 sole-

147 749 260 795 bant,
308 755 348 787 ut
385 749 511 787 medio
547 755 722 802 tempore
756 750 970 789 venderent
1000 756 1064 790 aut
1092 751 1391 802 possessoribus
1419 763 1532 803 prae·

145 805 294 844 diorum
331 811 394 844 aut
430 805 517 844 aliis
554 807 680 845 etiam.
741 806 948 846 Humanius
976 813 1103 846 autem
1128 808 1251 845 visum
1280 814 1340 847 est
1365 808 1532 859 Principi

144 868 301 912 nostro,
333 874 381 900 ne
412 861 570 913 praedia
595 862 722 902 subito
743 863 1066 913 destituerentur,
1098 864 1251 914 triginta
1274 865 1420 904 dierum
1443 877 1530 916 spa-

143 919 234 956 tium
270 918 484 969 indulgeri,
525 919 621 958 intra
652 919 754 971 quod
784 921 831 970 ii,
873 920 919 959 ad
951 931 1051 972 quos
1079 932 1145 959 res
1180 921 1415 972 pertineret,
1454 922 1528 961 dis-

143 975 343 1026 perfirent
1014 995 1015 998 ¹

257 1031 317 1070 De
350 1043 450 1083 aqua
485 1032 522 1070 in
551 1031 709 1083 praedia
739 1033 934 1071 sociorum
962 1032 1049 1071 data
1077 1032 1170 1071 nihil
1200 1034 1443 1072 constitutum
1473 1034 1527 1072 in-

142 1089 277 1126 venio:
317 1087 479 1140 perinde
514 1094 641 1127 tamen
680 1088 910 1128 observatur
945 1101 991 1127 ac
1018 1089 1102 1127 iure
1132 1095 1302 1138 cautum,
1339 1096 1399 1138 ut,
1441 1090 1528 1129 dum

142 1146 227 1196 quis
259 1157 308 1183 ex
333 1145 401 1193 iis,
434 1145 498 1196 qui
524 1147 775 1184 communiter
796 1146 1120 1197 impetraverunt,
1149 1151 1395 1198 superesset,
1425 1152 1528 1185 totus

138 1202 275 1240 modus
308 1201 478 1253 praediis
507 1201 729 1252 adsignatus
755 1202 917 1250 flueret,
957 1208 995 1240 et
1023 1207 1114 1240 tunc
1142 1202 1291 1241 demum
1320 1213 1527 1241 renovare—

140 1264 200 1296 tur
235 1257 611 1305 heneficiu1n‚cum
650 1258 817 1297 desisset
851 1259 1015 1310 quisque
1048 1271 1098 1298 ex
1127 1259 1196 1309 iis,
1233 1258 1370 1311 quibus
1401 1258 1541 1302 datum,

140 1320 245 1362 erat,
278 1314 494 1366 possidere.

252 1370 497 1421 Impetratam
537 1381 673 1420 aquam
711 1370 811 1419 alio,
852 1382 963 1421 quam
994 1371 1029 1409 in
1062 1382 1108 1410 ea
1139 1371 1321 1422 praedia,
1359 1372 1396 1409 in
1425 1383 1525 1423 quae

139 1427 226 1465 data
257 1433 362 1474 erat,
394 1431 457 1464 aut
487 1438 537 1464 ex
563 1426 640 1464 alio
674 1426 860 1475 castello,
894 1438 1006 1478 quam
1034 1439 1083 1465 ex
1113 1437 1189 1478 quo
1222 1427 1388 1477 epistola
1421 1427 1524 1466 Prin-

138 1484 236 1534 cipis
265 1481 497 1531 continebit,
536 1481 624 1521 duci
654 1482 782 1534 palam
813 1488 873 1521 est
902 1494 979 1521 non
1005 1486 1214 1535 oportere,
1255 1482 1326 1521 sed
1354 1489 1392 1521 et
1420 1494 1523 1521 mau-

138 1539 234 1578 datis
265 1537 504 1590 prohibetur.

255 1596 347 1635 110.
408 1594 662 1647 Impetrantur
698 1601 823 1633 autem
865 1600 903 1633 et
935 1606 1005 1633 eae
1037 1605 1182 1646 aquae,
1223 1606 1321 1645 quae
1354 1593 1524 1633 caducae

138 1658 346 1699 vocantur,
388 1651 423 1690 id
465 1658 523 1690 est
560 1657 623 1689 aut
653 1663 703 1689 ex
733 1651 907 1690 castellis
939 1657 1001 1690 aut
1032 1663 1081 1690 ex
1110 1650 1390 1690 manationibus
1419 1651 1522 1689 fistu-

137 1710 269 1748 larum.
331 1708 443 1756 Quod
482 1707 712 1746 beneficium
743 1720 764 1747 a
791 1707 1031 1759 Principibus
1061 1707 1287 1759 parcissime
1317 1707 1430 1746 tribui
1461 1719 1523 1746 so-

135 1765 254 1804 litum.
325 1764 403 1803 Sed
454 1763 650 1803 fraudibus
694 1764 937 1816 aquariorum
983 1764 1190 1803 obnoxium
1234 1769 1307 1802 est.
1376 1762 1523 1812 Quibus

136 1821 388 1873 prohibendis
426 1826 563 1872 quanta
610 1832 700 1859 cura
747 1819 955 1871 debeatur,
1003 1833 1053 1860 ex
1097 1820 1224 1872 capite
1263 1819 1522 1859 mandatorum

136 1878 378 1916 manifestum
407 1878 503 1925 erit,
534 1877 636 1927 quod
664 1876 825 1915 subieci.

251 1935 343 1972 111.
405 1941 627 1972 CADUCAM
666 1942 880 1972 NEMINEM
917 1941 1043 1972 VOLO
1074 1940 1281 1983 DUCERE,
1319 1940 1412 1971 NISI
1441 1940 1522 1978 QUI

135 1998 231 2029 MEO
278 1998 528 2028 BENEFICIO
573 1998 663 2028 AUT
705 1998 882 2029 PIORUM
924 1997 1181 2028 PRINCIPUM
1220 1997 1422 2027 ΗΑΒΕΝΤ.
1463 2008 1519 2015 --

133 2046 229 2085 Nam
258 2058 425 2084 necesse
451 2050 517 2084 est
548 2058 596 2084 ex
629 2046 801 2084 castellis
828 2046 992 2098 aliquam
1021 2051 1168 2096 partem
1191 2056 1314 2095 aquae
1335 2042 1516 2081 effluere:

135 2115 218 2142 cum
251 2101 326 2141 hoc
356 2102 547 2153 pertineat
577 2113 653 2140 non
686 2102 810 2141 solum
843 2102 891 2141 ad
922 2101 1027 2140 urbis
1055 2107 1212 2140 nostrae
1242 2097 1517 2147 salubritatem,

132 2159 203 2198 sed
234 2159 348 2198 etiam
377 2157 424 2196 ad
453 2158 652 2196 utilitatem
684 2158 903 2197 cloacarum
933 2157 1219 2196 abluendarum.

249 2213 340 2254 112.
402 2212 627 2264 Explicitis,
667 2225 765 2264 quae
796 2213 844 2252 ad
870 2214 1148 2253 ordinationem
1174 2222 1356 2262 aquarum
1381 2211 1518 2262 privati

130 2284 222 2310 usus
239 2269 502 2322 pertinebant,
529 2280 603 2307 non
621 2269 668 2307 ab
686 2282 727 2308 re
748 2276 827 2318 est,
847 2270 1032 2321 quaedam
1052 2281 1101 2308 ex
1117 2269 1183 2316 iis,
1201 2265 1339 2318 quibus
1357 2268 1516 2306 circum-

130 2327 245 2366 scribi
277 2327 551 2366 saluberrimas
577 2326 873 2364 constitutiones
898 2327 935 2364 in
957 2326 1043 2376 ipso
1066 2330 1152 2364 actu
1175 2322 1515 2374 deprehendimus,

1564 1890 1566 1911 l

1564 1916 1566 1941 l

1565 1958 1566 1983 l

1562 2002 1566 2066 l
