1566 2496
248 124 697 157 smumsu'ncon
725 124 816 155 mn.
830 124 861 154 1.
893 123 992 155 eff.
1010 123 1074 154 n.
1091 123 1173 154 ΧΠ.
1350 114 1403 154 25

30 228 105 277 cit,
133 232 173 266 ut
201 228 435 280 repetiturus
464 227 575 278 illas,
606 239 629 267 a
656 227 793 280 quibus
821 226 1161 280 proficiscebatur,
1195 232 1320 266 terras
1350 228 1404 265 vi—

29 283 197 324 deretur.

141 339 180 379 3.
237 338 280 378 Ρ.
298 340 548 391 Sempronius
578 339 732 391 Sophus
761 339 911 389 consul,
943 340 1027 396 acie
1058 339 1244 378 adversus
1270 338 1403 378 Picen-

30 401 92 435 tes
120 394 282 445 directa,
311 407 398 434 cum
426 395 574 435 subitus
603 402 732 435 terrae
761 402 887 434 motus
912 402 1095 446 utrasque
1115 402 1245 447 partes
1272 395 1403 434 confu-

30 451 171 500 disset,
193 451 461 490 exhortatione
478 451 714 490 confirmavit
737 463 831 490 suos
859 457 898 490 et
924 452 1083 503 impulit,
1113 458 1152 490 ut
1181 457 1403 491 consterna-

29 512 108 546 tum
139 507 412 559 superstitione
441 508 666 547 invaderent
692 507 867 557 hostem,
899 507 1133 559 adortusque
1165 508 1321 547 devicit.

140 563 179 602 4.
238 563 459 612 Sertorius,
487 576 571 602 cum
599 565 766 615 equitum
796 569 904 603 scuta
931 565 1172 603 extrinsecus
1202 575 1403 615 equorum-

29 630 104 670 que
139 624 302 670 pectora
331 625 487 659 cruenta
524 619 651 659 subito
680 619 859 671 prodigio
888 620 1175 672 adparuissent,
1204 621 1404 659 victoriam

28 674 207 725 portendi
231 675 505 727 interpretatus
533 681 616 726 est,
648 677 826 727 quoniam
853 676 943 715 illae
970 682 1103 728 partes
1132 676 1307 715 solerent
1336 676 1402 715 ho·

30 729 106 768 stili
128 741 264 768 cruore
284 732 475 782 respergi.

141 785 179 826 5.
237 784 519 837 Epaminondas
548 786 779 836 Thebanus,
811 788 1045 827 contristatis
1072 788 1267 839 militibus,
1299 789 1401 840 quod

29 853 81 879 ex
106 839 216 880 hasta
243 842 326 880 eius
356 849 641 892 ornamentum,
680 843 822 882 infulae
849 855 959 882 more
986 844 1234 896 dependens,
1265 851 1402 884 ventus

29 895 205 935 ablatum
227 897 266 934 in
294 898 515 949 sepulcrum
536 897 829 937 Lacedaemonii
851 900 1047 938 cuiusdam
1076 901 1293 952 depulerat,
1324 901 1401 940 No·

28 951 110 1000 lite,
139 953 283 1003 inquit,
311 952 466 1002 milites,
496 954 711 1005 trepidare:
741 954 1055 994 Lacedaemoniis
1084 957 1318 1007 significatur
1347 959 1400 996 in-

28 1009 185 1053 teritus;
211 1008 392 1060 sepulcra
414 1010 513 1048 enim
531 1010 750 1049 muneribus
771 1017 965 1049 ornantur.

142 1064 180 1103 6.
238 1064 358 1115 Idem,
390 1077 475 1104 cum
500 1065 566 1104 fax
593 1065 640 1104 de
665 1066 779 1105 coelo
799 1072 915 1105 nocte
944 1067 1103 1118 delapsa
1135 1079 1220 1118 eos,
1252 1070 1315 1119 qui
1336 1069 1401 1108 ad-

28 1125 247 1170 verterunt,
277 1121 500 1171 terruisset,
530 1120 694 1171 Lumen,
725 1123 868 1174 inquit,
898 1122 975 1162 hoc
1002 1124 1154 1164 numina
1182 1125 1400 1164 ostendunt.

141 1176 180 1214 7.
223 1175 369 1226 Idem,
399 1178 562 1216 instante
590 1178 777 1217 adversus
804 1178 1132 1219 Lacedaemonios
1159 1192 1288 1232 pugna
1317 1194 1402 1220 cum

29 1231 168 1281 sedile,
194 1233 233 1270 in
260 1244 336 1284 quo
365 1233 589 1283 resederat,
620 1234 889 1274 succubuisset
918 1241 958 1274 et
984 1235 1022 1274 id
1050 1236 1169 1286 vulgo
1200 1248 1271 1288 pro
1303 1238 1401 1276 tristi

26 1288 273 1339 exciperetur
299 1289 578 1339 significatione
609 1296 648 1329 et
676 1290 733 1329 sic
761 1291 912 1330 confusi
941 1291 1081 1331 milites
1101 1294 1400 1344 interpretaren-

26 1348 99 1393 tur,
129 1342 268 1392 Immo,
300 1345 438 1396 inquit,
469 1352 642 1385 vetamur
669 1346 822 1386 sedere.

138 1398 176 1438 8.
238 1398 281 1441 C.
301 1401 495 1452 Sulpicius
516 1401 647 1440 Gallus
668 1403 861 1442 defectum
886 1403 998 1442 lunae
1029 1404 1247 1443 imminente
1266 1411 1396 1451 nocte,

27 1467 76 1493 ne
108 1467 180 1506 pro
211 1462 363 1495 ostento
395 1458 620 1509 exciperent
648 1459 804 1508 milites,
835 1460 1027 1511 praedixit
1051 1460 1229 1510 futurum,
1261 1462 1398 1501 additis

24 1510 233 1550 rationibus
260 1513 463 1564 causisque
494 1513 739 1553 defectionis.

138 1567 177 1606 9.
249 1567 491 1618 Agathocles
535 1570 821 1618 Syracusanus,
863 1570 1049 1609 adversus
1091 1571 1245 1611 Poenos
1287 1574 1494 1613 simili

28 1621 199 1661 eiusdem
227 1623 365 1662 sideris
391 1624 650 1663 deminutione
681 1627 767 1676 quia
797 1625 868 1663 suh
896 1625 995 1664 diem
1026 1638 1202 1677 pugnae,
1236 1635 1278 1667 ut
1306 1640 1397 1680 pro·
1496 1648 1502 1660 2

26 1675 152 1726 digio,
183 1678 323 1717 milites
353 1680 411 1717 sui
443 1682 676 1719 consternati
707 1687 837 1729 erant,
863 1682 1011 1720 ratione
1043 1694 1117 1733 qua
1147 1683 1184 1722 id
1211 1685 1399 1723 acciderit
1449 1697 1460 1715 t

27 1733 204 1782 exposita
229 1733 379 1782 docuit,
411 1736 593 1786 quidquid
622 1737 715 1775 illud
740 1737 863 1786 foret,
894 1737 942 1776 ad
971 1750 1098 1776 rerum
1123 1746 1292 1779 naturam
1321 1752 1398 1779 non
1440 1742 1443 1745 ’

26 1786 72 1825 ad
100 1788 271 1838 ipsorum
300 1790 537 1840 propositum
567 1793 777 1842 pertinere.

142 1843 206 1882 10.
264 1843 450 1894 Pericles,
481 1858 566 1884 cum
589 1848 625 1885 in
652 1854 777 1888 castra
808 1850 891 1888 eius
920 1850 1064 1889 fulmen
1085 1851 1295 1891 decidisset
1319 1859 1396 1891 ter·

26 1898 246 1950 ruissetque
271 1899 429 1948 milites,
461 1901 648 1942 advocata
679 1905 865 1943 concione
896 1905 1086 1957 lapidibus
1116 1907 1153 1945 in
1184 1915 1396 1959 conspectu

26 1955 190 1994 omnium
225 1955 372 1994 collisis
411 1957 538 2006 ignem
578 1961 750 1998 excussit
785 1961 1013 2013 sedavitque
1048 1963 1393 2013 conturbationem,

26 2021 108 2048 cum
140 2010 337 2050 docuisset
367 2012 541 2051 similiter
563 2014 714 2053 nubium
746 2016 882 2055 adtritu
913 2020 1040 2057 excuti
1070 2019 1224 2058 fulmen.

139 2067 202 2105 11.
263 2067 485 2106 Timotheus
516 2068 785 2121 Atheniensis,
822 2073 1007 2113 adversus
1047 2074 1292 2124 Corcyraeos
1329 2088 1394 2114 na*

23 2120 101 2160 vali
130 2122 282 2173 proelio
313 2122 601 2175 decertaturus,
635 2126 884 2177 gubernatori
913 2141 1006 2180 suo,
1042 2132 1105 2182 qui
1132 2132 1395 2182 proficiscenti

28 2177 101 2214 iam
126 2177 241 2217 classi
269 2179 417 2230 signum
440 2182 616 2232 receptui
645 2190 832 2234 coeperat
861 2184 969 2235 dare,
1001 2188 1088 2238 quia
1111 2199 1161 2225 ex
1185 2185 1395 2236 remigibus

25 2233 224 2281 quemdam
252 2241 525 2274 sternutantem
554 2237 747 2288 audierat,
775 2238 948 2289 Miraris,
978 2243 1114 2294 inquit,
1142 2255 1191 2280 ex
1218 2248 1273 2280 tot
1298 2242 1392 2281 mili-

23 2285 94 2325 bus
130 2301 237 2328 unum
266 2290 521 2342 perfrixisse?
