1566 2496
212 150 275 180 DE
305 148 458 188 AQUAE
485 147 715 179 DUCTIBUS
740 147 875 178 URBIS
907 146 1066 178 ROMAE
1098 144 1248 176 LIBER.
1332 136 1410 174 107

44 253 346 294 centenariamm
381 257 676 291 et·ceter0rum
711 249 974 300 modulorum,
1005 262 1077 302 per
1108 260 1205 301 quos
1234 259 1410 291 mensura

43 310 248 350 constituta
267 315 348 356 est,
378 308 644 360 proferamus,
675 312 714 345 et
728 305 919 357 indicare,
950 318 1048 357 quae
1069 307 1118 344 sit
1135 317 1266 344 eorum
1283 304 1410 354 origo,

44 377 143 418 quae
165 365 293 413 vires,
329 364 488 415 etquid
518 375 693 414 quaeque
721 362 931 413 adpellatio
951 362 1162 412 significet,
1192 361 1410 412 proposita·

45 434 119 474 que
157 420 313 471 regula,
356 420 404 459 ad
447 431 557 470 quam
596 420 694 457 ratio
731 429 863 456 eorum
901 424 942 457 et
978 419 1121 457 initium
1154 422 1410 468 computatur,

26 477 275 526 ¹ostendere,
305 488 380 527 qua
399 477 547 515 ratione
575 474 830 526 discrepantia
848 475 1058 513 invenerim
1087 480 1125 513 et
1154 485 1265 525 quam
1285 484 1411 511 emen·

0 536 2 538 ’
45 533 157 573 dandi
185 532 285 571 viam
313 533 384 570 sim
412 537 580 570 secutus.

156 588 223 628 24.
281 588 475 639 Aquarum
504 586 647 626 moduli
667 592 730 625 aut
755 586 802 625 ad
832 586 1033 636 digitorum
1054 591 1117 624 aut
1145 585 1192 623 ad
1223 585 1413 623 unciarum

46 656 260 685 mensuram
287 644 444 682 instituti
486 649 583 682 sunt.
641 641 760 692 Digiti
787 643 822 680 in
853 640 1058 693 Campania
1088 648 1127 680 et
1155 643 1191 679 in
1216 641 1414 692 plerisque

23 701 181 742 ,Italiae
217 699 338 748 locis,
374 700 509 738 unciae
538 700 576 737 in
607 698 860 749 popularibus
889 697 1098 737 rationibus
1128 697 1253 736 adhuc
1279 696 1414 735 obser·

47 762 193 795 vantur.
251 754 322 793 Est
344 761 467 793 autem
488 755 627 804 digitus
640 783 651 802 ,
672 760 712 791 ut
731 754 929 803 convenit,
956 754 1218 793 sextadecima
1237 765 1327 804 pars
1346 764 1414 803 pe-

1 851 9 862 ,
50 813 129 861 dis,
166 811 279 850 uncia
313 810 550 849 duodecima.
610 808 933 856 Quemadmodum
973 817 1097 849 autem
1134 810 1233 848 inter
1267 810 1414 847 unciam
1448 808 1527 832 ·”“’

52 874 92 907 et
120 867 276 917 digitum
309 865 537 914 diversitas,
575 866 625 903 ita
653 870 691 903 et
719 866 839 916 ipsius
869 865 975 915 digiti
1004 865 1168 917 simplex
1192 865 1414 904 observatio

51 935 127 962 non
155 928 227 961 est.
285 921 394 960 Alius
415 927 575 960 vocatur
605 921 823 971 quadratus,
856 920 954 959 alius
984 921 1183 959 rotundus.
1244 920 1413 969 Quadra-

51 986 112 1018 tus
138 977 260 1016 tribus
291 977 596 1028 quartisdecimis
626 977 703 1014 suis
731 976 893 1015 rotundo
922 978 1061 1020 maior;
1083 977 1266 1015 rotundus
1294 976 1415 1014 tribus

53 1033 262 1073 undecimis
298 1034 377 1072 suis
417 1033 602 1084 quadrato
637 1033 760 1070 minor
787 1038 868 1081 est,
896 1033 1047 1071 scilicet
1078 1032 1165 1083 quia
1196 1031 1324 1082 anguli
1350 1031 1415 1070 de-

53 1095 238 1129 teruntur.
290 1089 410 1142 (25.)
434 1089 573 1127 Postea
596 1088 793 1137 modulus,
815 1100 889 1127 nec
917 1088 964 1127 ab
993 1090 1103 1127 uncia
1130 1099 1204 1126 nec
1228 1087 1276 1127 ab
1300 1087 1416 1126 alter-

53 1152 137 1184 utro
176 1145 380 1195 digitorum
415 1146 600 1195 originem
627 1145 846 1195 accipiens,
877 1144 1071 1190 inductus,
1102 1150 1142 1182 ut
1170 1144 1320 1194 quidam
1348 1155 1416 1194 pu-

52 1207 151 1251 tant,
177 1200 225 1240 ab
255 1200 451 1252 Agrippa,
487 1207 527 1240 ut
555 1201 636 1249 alii,
668 1212 689 1238 a
714 1200 935 1251 plumbariis
961 1213 1033 1252 per
1059 1200 1271 1238 Vitruvium
1295 1199 1416 1238 archi-

52 1263 215 1306 tectum,
253 1257 291 1295 in
328 1269 436 1295 usum
471 1257 576 1295 urbis
614 1256 784 1294 exclusis
818 1256 1013 1307 prioribus
1040 1257 1164 1305 venit,
1203 1255 1418 1307 adpellatus

52 1314 223 1370 quinario
238 1313 411 1351 nomine:
442 1315 504 1363 qui
522 1318 647 1351 autem
661 1311 871 1363 Agrippam
886 1319 1083 1351 auctorem
1098 1312 1253 1361 faciunt,
1275 1312 1418 1359 dicunt,

54 1369 156 1420 quod
191 1369 356 1420 quinque
383 1370 524 1434 antiqui
552 1368 698 1407 moduli
724 1368 847 1407 exiles
878 1375 917 1407 et
943 1368 1064 1407 veluti
1094 1374 1254 1419 puncta,
1283 1367 1419 1419 quibus

54 1425 144 1463 olim
168 1436 287 1476 aqua,
317 1437 402 1463 cum
432 1426 572 1475 exigua
603 1431 729 1474 esset,
761 1423 1020 1473 dividebatur,
1051 1424 1089 1462 in
1118 1435 1228 1462 unam
1257 1423 1420 1462 fistulam

55 1481 180 1520 coacti
203 1486 307 1524 sunt;
337 1480 628 1532 qu1V1truv1um
654 1486 693 1518 et
713 1480 971 1532 plumbarios,
1002 1480 1048 1519 ab
1079 1491 1149 1529 eo,
1180 1480 1283 1531 quod
1300 1479 1420 1531 plum-

35 1535 129 1584 ¹bea
155 1535 291 1574 lamina
316 1536 455 1587 plana,
484 1537 650 1587 quinque
677 1536 880 1586 digitorum
902 1536 1135 1574 latitudinem
1155 1535 1314 1585 hahens,
1348 1536 1419 1574 cir-

59 1597 229 1630 cumacta
255 1592 292 1629 in
319 1593 540 1640 rotundum,
582 1592 683 1630 hunc
719 1591 867 1629 fistulae
902 1591 1094 1630 modulum
1127 1592 1282 1630 efficiat.
1342 1590 1420 1629 Sed

57 1647 132 1685 hoc
155 1646 340 1684 incertum
360 1653 437 1690 est;
466 1648 666 1698 quoniam,
696 1659 779 1685 cum
799 1648 1087 1697 circumagitur,
1116 1648 1214 1686 sicut
1235 1648 1420 1685 interiore

58 1706 166 1751 parte
197 1701 425 1750 adtrahitur,
454 1702 505 1739 ita
533 1714 604 1752 per
626 1702 751 1751 illam,
787 1714 886 1753 quae
912 1703 1017 1741 foras
1046 1709 1218 1754 spectat,
1248 1702 1419 1741 extendi·

58 1761 131 1794 tur.
188 1754 350 1794 Maxime
389 1756 591 1807 probabile
634 1764 717 1806 est,
756 1759 963 1809 quinariam
1000 1759 1138 1798 dictam
1177 1771 1198 1797 a
1235 1759 1420 1797 diametro

60 1811 225 1862 quinque
251 1811 520 1862 quadrantum:
556 1825 655 1864 quae
684 1814 780 1851 ratio
811 1815 847 1852 in
881 1815 1129 1865 sequentibus
1158 1826 1311 1866 quoque
1340 1826 1419 1853 mo-

59 1866 156 1905 dulis
185 1878 306 1917 usque
330 1866 377 1905 ad
398 1868 626 1906 vicenariam
650 1869 779 1917 durat,
805 1870 988 1909 diametro
1006 1883 1076 1922 per
1097 1871 1268 1921 singulos
1292 1871 1419 1910 adiec-

58 1923 161 1961 tione
191 1922 422 1972 singulorum
452 1923 697 1989 quadrantum
727 1932 949 1964 crescente:
985 1933 1025 1965 ut
1052 1928 1091 1965 in
1117 1928 1288 1976 senaria,
1321 1938 1420 1978 qnae

58 1990 129 2016 sex
152 1978 304 2016 scilicet
327 1979 556 2028 quadrantes
583 1981 619 2018 in
636 1980 819 2019 diametro
843 1981 977 2030 habet,
1005 1989 1044 2021 et
1066 1984 1304 2034 septenaria,
1323 1994 1420 2046 quae

59 2039 230 2085 septem,
261 2040 300 2072 et
328 2034 514 2086 deinceps
548 2036 659 2074 simili
687 2037 920 2076 incremento
948 2051 1071 2090 usque
1101 2039 1147 2078 ad
1176 2039 1418 2077 vicenariam.

171 2088 238 2129 26.
288 2088 417 2128 Omnis
451 2096 574 2129 autem
610 2092 785 2130 modulus
819 2093 1014 2143 colligitur
1051 2101 1114 2133 aut
1143 2095 1327 2134 diametro
1358 2098 1421 2131 aut

61 2145 266 2194 perimetro
302 2151 364 2184 aut
398 2157 513 2184 areae
542 2159 737 2191 mensura;
776 2160 826 2186 ex
851 2149 985 2200 quibus
1014 2156 1053 2189 et
1082 2152 1277 2201 capacitas
1306 2148 1420 2199 adpa-

61 2204 133 2237 ret.
189 2201 451 2240 Differentiam
481 2204 637 2251 unciae,
669 2203 774 2253 digiti
806 2205 978 2256 quadrati
1005 2212 1043 2244 et
1073 2206 1180 2256 digiti
1209 2204 1358 2242 rotundi
1382 2209 1422 2242 et

61 2253 179 2303 ipsius
208 2258 401 2307 quinariae
431 2263 470 2295 ut
500 2258 650 2296 facilius
679 2259 933 2310 dinoscamus‚
964 2262 1142 2300 utendum
1164 2266 1222 2298 est
1245 2259 1419 2297 substan-

63 2309 113 2348 tia
135 2311 349 2362 quinariae,
378 2313 441 2364 qui
469 2314 643 2352 modulus
671 2320 710 2353 et
730 2316 964 2355 certissimus
991 2323 1030 2355 et
1054 2317 1215 2355 maxime
1238 2320 1420 2366 receptus

1506 691 1566 713 2⁷51.

1445 740 1555 794 272³·
