1566 2496
139 139 192 179 50
577 146 676 177 sex.
709 145 826 177 1UL11
855 145 1080 177 ῈΒΟΝΤῙΝῙ

139 252 242 305 pulis
274 258 312 291 et
339 262 532 347 cdoncesso
559 250 675 301 fugae
705 251 854 302 spatio,
886 250 1095 302 dissipatos
1124 249 1207 288 sine
1233 248 1410 300 periculo
1435 260 1524 288 suo-

139 322 221 348 rum
249 309 346 348 truci
375 309 465 347 avit.

255 376 294 416 3.
355 374 399 415 C.
441 373 586 414 Caesar
621 374 834 414 Germanos
871 373 1044 413 inclusos
1083 378 1122 411 et
1163 383 1214 411 ex
1251 373 1527 425 desperatione

141 434 277 473 fortius
307 438 525 484 pugnantes
555 431 673 470 emitti
704 432 814 470 iussit
844 430 1116 480 fugientesque
1148 428 1359 479 adgressus
1393 435 1467 468 est.

255 502 294 540 4.
369 499 585 550 Hannibal,
636 511 720 538 cum
770 498 817 537 ad
864 497 1123 536 Trasimenum
1174 496 1313 536 inclusi
1364 496 1527 536 Romani

143 558 331 598 acerrime
360 562 598 608 pugnarent,
631 556 794 594 diductis
823 553 1019 593 ordinibus
1050 553 1145 592 fecit
1176 553 1232 591 eis
1255 553 1420 593 abeundi
1442 560 1527 605 pot-

143 621 306 654 estatem
336 619 551 663 euntesque
578 613 662 651 sine
693 623 847 650 suorum
879 611 1063 660 sanguine
1102 610 1248 647 stravit.

255 682 294 719 5.
353 679 571 730 Antigonus
608 692 679 719 rex
707 678 959 718 Macedonum
987 677 1164 726 Aetolis,
1201 677 1265 727 qui
1291 677 1328 714 in
1357 676 1528 715 obsidio-

142 750 230 776 nem
252 737 299 776 ab
323 748 371 775 eo
402 736 591 788 compulsi
616 736 716 774 fame
743 734 1002 785 urguebantur
1019 738 1308 784 statuerantque
1326 733 1528 784 eruptione

141 795 245 833 facta
276 794 482 842 commori,
514 793 612 831 viam
636 792 751 842 fugae
784 791 911 841 dedit,
947 796 1062 842 atque
1100 790 1152 828 ita
1189 788 1354 828 infracto
1386 789 1529 840 impetu

144 862 299 900 eorum,
327 851 522 888 insecutus
549 860 712 887 aversos
743 847 897 886 cecidit.

258 917 296 957 6.
355 917 563 967 Agesilaus
602 915 928 955 Lacedaemonius
964 915 1150 954 adversus
1185 912 1415 960 Thebanos,
1445 923 1531 949 cum

145 976 229 1014 acie
273 973 504 1024 confligeret
543 973 881 1023 intellexissetque
927 971 1063 1010 hostes
1099 972 1275 1011 locorum
1312 967 1531 1007 conditione

146 1031 301 1070 clausos
340 1029 390 1068 ob
431 1029 745 1081 desperationem
780 1028 918 1067 fortius
959 1028 1163 1077 dimicare,
1203 1026 1343 1066 laxatis
1376 1035 1533 1063 suorum

147 1086 344 1126 ordinibus
385 1092 598 1138 apertaque
630 1085 822 1124 Thebanis
862 1085 909 1124 ad
941 1084 1182 1124 evadendum
1210 1084 1297 1130 via,
1335 1092 1467 1119 rursus
1495 1080 1534 1118 in

147 1143 336 1183 abeuntes
354 1144 543 1182 contraxit
560 1143 683 1182 aciem
699 1147 738 1180 et
756 1142 841 1180 sine
859 1142 1005 1180 iactura
1027 1152 1182 1180 suorum
1199 1137 1341 1178 cecidit
1355 1147 1531 1175 aversos.

264 1225 287 1237 ,-

270 1235 301 1262 1.
365 1221 434 1261 Cn.
463 1221 626 1260 Manlius
648 1220 806 1269 consul,
839 1232 924 1258 cum
949 1232 999 1259 ex
1020 1220 1105 1258 acie
1133 1223 1319 1258 reversus
1343 1221 1455 1266 capta
1485 1213 1533 1253 ab

146 1279 325 1319 Etruscis
356 1279 528 1317 Romana
564 1283 691 1316 castra
725 1277 957 1325 invenisset,
998 1275 1173 1314 omnihus
1216 1273 1339 1325 portis
1368 1272 1534 1310 statione

150 1335 394 1375 circumdatis
422 1334 593 1372 inclusos
622 1333 756 1371 hostes
792 1333 829 1370 in
858 1344 943 1370 eam
973 1330 1119 1370 rabiem
1140 1329 1350 1378 efferavit,
1378 1334 1419 1366 ut
1448 1328 1533 1379 ipse

149 1394 187 1430 in
211 1392 366 1443 proelio
398 1390 568 1428 caderet.
630 1388 743 1436 Quod
770 1394 809 1426 ut
839 1387 1188 1426 animadverterunt
1210 1385 1330 1436 legati
1361 1381 1459 1433 eius,
1487 1381 1534 1422 ab

147 1460 222 1487 una
252 1453 364 1499 porta
393 1451 542 1485 remota
571 1446 736 1483 statione
779 1444 920 1482 exitum
949 1443 1125 1482 Etruscis
1156 1443 1345 1482 dederunt
1372 1447 1411 1479 et
1441 1439 1535 1478 effu-

150 1515 217 1543 sos
245 1503 464 1555 persecuti,
498 1507 728 1540 occurrente
767 1500 891 1540 altero
929 1500 1090 1538 consule
1118 1498 1264 1547 Fabio,
1297 1495 1533 1535 ceciderunt.

263 1581 301 1621 8.
362 1580 667 1627 Themistocles,
710 1580 812 1618 victo
843 1578 999 1627 Xerxe,
1038 1577 1218 1616 volentes
1260 1585 1352 1613 suos
1379 1578 1536 1625 pontem

152 1650 331 1689 rumpere
361 1637 579 1689 prohibuit,
617 1648 700 1674 cum
737 1636 935 1675 docuisset
975 1634 1121 1673 cautius
1152 1644 1241 1671 esse
1271 1642 1356 1669 eum
1388 1627 1536 1680 expelli

152 1708 201 1734 ex
232 1694 411 1746 Europa,
445 1705 556 1744 quam
588 1694 676 1742 cogi
705 1705 755 1730 ex
785 1691 1057 1743 desperatione
1091 1700 1278 1741 pugnare.
1336 1685 1442 1725 Idem
1469 1685 1537 1735 rni-

151 1753 199 1789 sit
232 1751 279 1789 ad
310 1763 418 1799 eum,
452 1750 514 1801 qui
543 1749 750 1798 indicaret,
781 1749 818 1787 in
843 1759 919 1799 quo
941 1746 1118 1799 periculo
1148 1750 1276 1794 esset,
1307 1743 1379 1781 nisi
1408 1741 1538 1792 fugam

151 1813 370 1846 maturaret.

266 1873 304 1911 9.
363 1871 532 1921 Pyrrhus
568 1870 811 1922 Epirotarum
858 1882 950 1920 rex,
989 1883 1073 1909 cum
1110 1867 1308 1921 quamdam
1346 1866 1539 1905 civitatem

155 1930 326 1980 cepisset
356 1928 576 1978 clausisque
608 1929 730 1978 portis
762 1940 811 1966 ex
831 1927 960 1966 ultima
986 1927 1220 1965 necessitate
1250 1924 1404 1963 fortiter
1433 1921 1539 1960 dimi-

152 1990 286 2080 ¹cantes
309 1996 402 2079 303,
434 1985 498 2035 qui
528 1983 665 2022 inclusi
696 1990 824 2033 erant,
854 1983 1206 2031 animadvertisset,
1233 1981 1362 2020 locum
1387 1978 1465 2017 illis
1491 1976 1539 2015 ad

171 2052 281 2091 ugam
336 2053 355 2078 e
387 2041 424 2078 it.

269 2108 333 2147 10.
392 2106 498 2145 Idem
524 2107 622 2144 inter
654 2113 784 2145 cetera
818 2113 1027 2159 praecepta
1055 2104 1302 2156 imperatoria
1330 2101 1540 2139 memoriae

153 2163 331 2213 tradidit,
369 2174 445 2201 non
484 2175 574 2200 esse
612 2163 864 2213 pertinaciter
904 2163 1116 2202 instandum
1148 2160 1250 2199 hosti
1278 2157 1461 2208 fugienti,
1488 2168 1539 2195 ne

155 2233 231 2259 non
250 2218 372 2258 solum
396 2219 479 2257 acie
499 2218 635 2256 fortius
659 2231 708 2257 ex
736 2220 971 2259 necessitate
991 2219 1214 2264 resisteret,
1246 2213 1316 2253 sed
1342 2219 1381 2251 ut
1398 2218 1536 2264 postea

157 2287 312 2327 quoque
343 2274 492 2315 facilius
524 2274 705 2323 cederet,
745 2282 848 2314 ratus
882 2287 957 2315 non
994 2285 1116 2325 usque
1158 2270 1205 2311 ad
1235 2270 1447 2322 perniciem
1477 2267 1533 2307 fu-

157 2332 277 2384 gienti
305 2332 378 2372 sibi
405 2332 611 2371 instaturos
640 2332 822 2370 victores.
