1566 2496
226 110 234 122 “
257 89 715 171 ετῐςᾼώΕαΕΜΑΤιοοΝ.
738 131 896 162 LIB.11.
930 132 1032 162 CAP.
1054 133 1120 163 111.
1138 133 1200 163 ιν.
1363 124 1416 162 37

151 231 217 272 23.
251 232 491 285 „Imperator
529 233 675 274 Caesar
709 234 949 274 Domitianus
990 237 1184 286 Augustus
1223 236 1416 276 Germani·

40 300 130 338 cus,
151 300 236 328 cum
253 289 416 329 subinde
438 289 539 330 Catti
564 297 747 343 equestre
769 291 958 343 proelium
982 293 1019 330 in
1041 292 1158 330 silvas
1185 292 1416 346 refugiendo

38 344 284 394 diducerent,
319 347 430 386 iussit
468 358 560 387 suos
594 348 768 399 equites,
810 347 919 386 simul
963 348 1010 387 ad
1050 349 1229 400 impedita
1264 355 1416 388 ventum

38 405 165 449 esset,
191 402 302 452 equis
327 401 486 442 desilire
514 404 766 455 pedestrique
798 415 923 455 pugna
948 404 1173 454 confligere.
1235 404 1321 452 Quo
1346 417 1415 455 ge—

36 466 132 495 nere
156 463 388 497 consecutus
409 464 490 507 est,
514 471 562 498 ne
578 460 663 511 quis
687 471 762 498 non
782 460 860 499 loci
877 461 958 498 eius
980 461 1179 499 victoriam
1200 462 1414 500 miraretur.

149 511 216 552 24.
277 512 321 552 C.
350 513 520 564 Duilius,
559 527 643 554 eum
672 516 820 555 videret
855 529 996 566 graves
1024 529 1114 556 suas
1142 529 1262 556 naves
1292 517 1414 556 mobi-

37 568 142 608 litate
166 568 332 608 Punicae
363 570 499 610 classis
532 571 632 610 eludi
662 573 887 623 inritamque
925 573 1100 612 virtutem
1130 573 1286 621 militum
1316 573 1414 621 lieri,

38 625 272 675 excogitavit
293 637 424 665 manus
448 627 618 672 ferreas;
651 640 750 679 quae
780 628 844 667 ubi
869 628 1047 668 hostilem
1076 629 1415 681 adprehenderunt

37 689 194 729 navem,
216 683 438 733 superiecto
463 689 579 734 ponte
602 684 958 735 transgrediebatur
981 685 1174 724 Romanus
1195 693 1233 724 et
1254 687 1290 724 in
1311 688 1413 738 ipso-

38 748 119 774 rum
142 736 288 785 ratibus
317 740 525 778 comminus
551 739 686 779 hostes
714 740 940 780 trucidabat.

571 849 765 890 CAPUT
791 851 866 890 IV.

319 955 325 959 .
358 936 420 965 DE
449 935 555 966 Acm
583 937 791 969 nos'rnm
820 938 1088 969 TURBANDA.

140 1015 186 1062 ,1.
247 1014 418 1067 Papirius
449 1015 594 1055 Cursor
620 1017 720 1056 iilius
751 1019 908 1068 consul,
941 1032 1026 1058 cum
1047 1032 1173 1071 aequo
1196 1020 1318 1059 Marte
1348 1022 1413 1060 ad-

37 1082 173 1108 versus
189 1070 403 1110 obstinatos
419 1073 609 1112 Samnites
632 1081 902 1124 concurreret,
927 1076 1192 1126 ignorantibus
1209 1078 1287 1115 suis
1302 1089 1413 1129 prae-

38 1127 143 1177 cepit
176 1126 244 1178 Sp.
274 1127 436 1177 Nautio,
474 1135 513 1167 ut
551 1131 662 1180 pauci
700 1131 826 1169 alares
862 1137 900 1169 et
937 1144 1152 1182 agasones,
1183 1133 1294 1172 mulis
1323 1135 1412 1172 insi-

36 1176 172 1221 dentes
206 1195 411 1235 ramosque
449 1196 520 1235 per
556 1191 696 1224 terram
735 1187 953 1238 trahentes,
989 1201 1010 1227 a
1049 1189 1152 1228 colle
1190 1195 1415 1228 transverso

35 1249 172 1288 magno
211 1239 369 1278 tumultu
406 1240 681 1280 decurrerent:
718 1243 855 1294 quibus
887 1246 1108 1295 prospectis
1145 1246 1413 1297 proclamavit,

35 1293 221 1333 victorem
249 1296 389 1334 adesse
420 1297 631 1348 collegam;
663 1305 900 1350 occuparent
926 1301 1001 1351 ipsi
1031 1303 1251 1352 praesentis
1272 1302 1412 1354 proelii

34 1349 210 1400 gloriam.
270 1350 356 1399 Quo
376 1352 479 1391 facto
497 1353 676 1392 Romanis
696 1355 833 1399 iiducia
854 1357 1077 1406 concitatis,
1101 1358 1290 1397 Samnites
1318 1370 1410 1410 prae

36 1405 197 1457 pulvere
226 1408 397 1458 perculsi
425 1415 537 1460 terga
566 1416 735 1449 vertere.
1139 1454 1141 1457 ,

144 1461 183 1501 2.
243 1462 383 1502 Fabius
411 1464 596 1517 Maximus
618 1466 752 1506 Rullus
783 1474 919 1518 quarto
953 1470 1153 1509 consulatu
1181 1472 1217 1508 in
1240 1472 1409 1519 Samnio,

35 1519 136 1556 omni
170 1520 288 1559 modo
323 1520 464 1560 frustra
502 1528 661 1574 conatus
697 1525 819 1562 aciem
847 1523 1011 1563 hostium
1040 1538 1315 1577 perrumpere,
1342 1539 1410 1566 no-

33 1573 389 1615 *tissime-hastatos
424 1576 604 1616 subduxit
642 1579 837 1618 ordinibus
877 1586 916 1618 et
951 1593 1035 1619 cum
1064 1582 1248 1633 Scipione
1278 1583 1410 1633 legato

34 1639 105 1666 suo
130 1630 372 1669 circummisit
395 1633 579 1684 iussitque
601 1634 742 1672 collem
766 1637 1016 1686 capere‘,‘ex
1041 1649 1118 1692 quo
1146 1638 1299 1676 decurri
1326 1646 1409 1690 pot-

35 1689 117 1722 erat
138 1685 175 1722 in
196 1685 359 1724 hostium
381 1693 502 1737 terga.
564 1688 674 1736 Quod
699 1690 762 1728 ubi
787 1690 928 1730 factum
962 1699 1045 1742 est,
1077 1692 1257 1732 Romanis
1287 1696 1411 1733 crevit

33 1739 178 1778 animus
209 1747 247 1779 et
277 1742 466 1781 Samnites
490 1746 683 1794 perterriti
714 1746 840 1795 fugam
870 1748 1075 1787 molientes
1106 1750 1213 1788 caesi
1241 1757 1339 1789 sunt.

146 1795 184 1834 3.
243 1795 428 1836 Minucius
456 1798 578 1837 Rufus
602 1801 835 1852 imperator,
868 1815 952 1842 cum
981 1817 1003 1844 a
1026 1806 1245 1844 Scordiscis
1274 1806 1409 1846 Dacis-

33 1862 108 1902 que
143 1859 405 1902 premeretur,
445 1854 581 1905 quibus
620 1857 742 1908 impar
780 1857 862 1907 e'rat
890 1872 1069 1911 numero,
1108 1864 1302 1913 praemisit
1323 1864 1409 1912 ,ἰηι-

34 1912 131 1952 trem
158 1913 198 1945 et
228 1919 374 1958 paucos
402 1911 553 1960 equites
585 1924 658 1951 una
696 1925 780 1951 cum
814 1911 1083 1956 aeneatoribus
1112 1921 1408 1971 praecepitque,

32 1967 93 2011 ut,
125 1974 207 2001 cum
238 1963 397 2002 vidisset
425 1972 660 2006 contractum
692 1969 901 2020 proelium,
927 1973 1074 2012 subitus
1102 1986 1152 2012 ex
1181 1975 1336 2022 diverso
1365 1987 1408 2013 se

31 2018 256 2074 ostenderet
276 2019 502 2072 iuberetque
519 2030 749 2063 aeneatores
771 2028 989 2067 concinere.
1050 2031 1282 2070 sonantibus
1302 2043 1407 2069 mon-

31 2074 121 2113 tium
154 2075 276 2125 iugis,
307 2078 464 2126 species
498 2078 662 2129 ingentis
688 2081 933 2122 multitudinis
960 2084 1096 2124 obfusa
1129 2086 1406 2134 est‘hostibus,

30 2141 109 2180 qua
134 2133 328 2182 perterriti
354 2132 498 2172 dedere
530 2140 653 2185 terga.

121 2184 179 2225 ³4.
240 2187 388 2227 Acilius
405 2188 559 2228 Glabrio
583 2192 718 2231 consul
738 2193 922 2234 adversus
943 2196 1249 2247 Antiochivregis
1270 2197 1406 2245 aciem,

30 2252 140 2290 quam
177 2243 209 2280 is
245 2245 283 2282 in
312 2244 459 2283 Achaia
497 2257 568 2296 pro
608 2250 790 2298 angustiis
821 2249 1164 2303 Thermopylarum
1198 2252 1405 2300 direxerat,

31 2296 290 2347 iniquitatibus
327 2300 404 2339 loci
437 2312 513 2350 nou
541 2303 674 2342 inritus
701 2310 841 2345 tantum
868 2309 937 2347 sed
965 2320 1049 2346 cum
1079 2309 1223 2346 iactura
1251 2319 1406 2359 quoque
