1566 2496
149 148 202 189 62
593 158 693 191 snx.
721 159 837 191 mnu
864 159 1089 193 montium

263 260 301 301 8.
334 260 557 314 Aristippus
576 262 904 303 Lacedaemonius
928 265 1029 304 festo
1060 265 1123 304 die
1147 259 1419 316 Tegeatarum,
1450 276 1526 318 quo

151 318 273 358 omnis
297 318 496 358 multitudo
514 319 562 359 ad
585 319 857 360 celebrandum
874 320 1070 360 Minervae
1085 333 1235 361 sacrum
1253 321 1349 360 urbe
1366 333 1529 372 egressa

152 381 255 425 erat,
290 376 456 414 iumenta
486 376 613 414 saccis
646 376 902 416 frumentariis
938 377 1053 430 palea
1089 377 1244 416 refertis
1281 381 1416 417 onusta
1453 377 1526 417 Te-

150 443 263 482 geam
289 432 413 482 misit,
443 431 644 483 agentibus
673 445 719 472 ea
747 433 948 484 militibus,
986 435 1050 486 qui
1078 435 1361 485 negotiatorum
1393 434 1528 486 specie

150 488 388 527 inobservati
416 494 549 540 portas
578 495 814 540 aperuerunt
844 491 934 528 suis.

265 545 303 584 9.
358 543 572 583 Antiochus
601 546 638 584 in
669 544 917 597 Cappadocia
943 558 993 585 ex
1021 546 1186 585 castello
1212 547 1387 596 Soanda,
1425 546 1528 598 quod

152 600 379 650 obsidebat,
410 602 575 640 iumenta
604 601 873 641 frumentatum
903 614 1066 653 egressa
1102 603 1330 655 intercepit,
1368 604 1528 642 occisis-

152 670 226 709 que
258 657 479 707 calonibus,
517 658 738 697 eorumdem
768 660 910 697 vestitu
944 659 1084 697 milites
1111 670 1204 697 suos
1232 665 1422 711 tamquam
1451 660 1530 699 fru-

150 720 316 753 mentum
347 720 593 766 reportantes
628 714 821 753 submisit:
861 727 935 766 quo
965 726 1099 754 errore
1128 715 1185 754 illi
1215 715 1439 754 custodibus
1463 715 1530 755 de-

154 771 277 822 ceptis
309 771 511 810 castellum
544 771 780 810 intraverunt
817 771 1129 823 admiseruntque
1164 771 1306 810 milites
1335 770 1529 811 Antiochi.

269 826 331 866 10.
391 826 584 877 Thebani,
625 839 709 866 cum
745 833 897 879 portum
934 828 1203 877 Sicyoniorum
1230 827 1335 867 nulla
1362 829 1401 882 vi
1428 828 1530 867 redi-

151 895 248 934 gere
285 884 323 921 in
356 888 589 935 potestatem
625 895 730 922 suam
765 890 947 935 possent,
981 896 1119 923 navem
1154 885 1350 934 ingentem
1377 885 1531 924 armatis

153 939 466 991 compleverunt,
497 940 675 991 exposita
699 952 818 992 super
844 952 1000 990 merce,
1026 946 1067 979 ut
1089 941 1370 991 negotiatorum
1395 941 1532 992 specie

151 996 355 1035 fallerent:
387 995 434 1034 ab
465 1008 511 1035 ea
541 996 680 1035 deinde
709 1003 819 1047 parte
844 1009 1060 1047 murorum,
1091 1008 1190 1048 quae
1219 997 1444 1048 longissime
1469 1009 1530 1035 re-

151 1059 255 1092 mota
277 1058 381 1102 erat,
409 1051 600 1104 adparere
625 1065 772 1104 paucos
794 1053 1086 1104 disposuerunt,
1119 1065 1203 1092 cum
1228 1053 1366 1105 quibus
1387 1065 1410 1092 e
1432 1065 1530 1091 nave

152 1109 304 1161 quidam
342 1110 494 1159 egressi
531 1109 697 1148 inermes
734 1109 911 1149 simulata
939 1110 1022 1156 rixa
1060 1115 1348 1148 concurrerent.
1393 1109 1530 1158 Sicyo-

151 1167 223 1204 niis
254 1166 301 1204 ad
326 1165 576 1204 dirimendum
605 1166 643 1204 id
673 1166 835 1216 iurgium
861 1166 1083 1215 advocatis,
1114 1165 1322 1205 Thebanae
1349 1177 1470 1204 naves
1494 1171 1532 1204 et

153 1228 304 1273 portum
333 1228 534 1260 vacantem
566 1228 603 1260 et
631 1221 762 1260 urbem
788 1228 1090 1273 occupaverunt.

268 1279 330 1317 11.
399 1278 621 1317 TImarchus
658 1277 844 1327 Aetolus,
890 1279 1023 1317 occiso
1063 1276 1277 1316 Charmade
1319 1275 1532 1316 Ptolemaei

151 1335 258 1385 regis
285 1334 509 1387 praefecto,
544 1334 744 1382 chlamyde
783 1335 1001 1385 interempti
1039 1340 1079 1373 et
1106 1334 1243 1384 galero
1273 1333 1320 1373 ad
1351 1332 1532 1373 Macedo-

152 1391 276 1429 nicum
314 1396 469 1428 ornatus
509 1396 568 1428 est
603 1390 782 1428 habitum.
842 1390 916 1429 Per
950 1390 1054 1429 hunc
1090 1402 1262 1430 errorem
1301 1401 1373 1442 pro
1414 1388 1533 1428 Char-

151 1447 262 1486 made
292 1447 492 1485 Saniorum
521 1447 559 1485 in
589 1451 739 1497 portum
769 1452 979 1498 receptus,
1010 1448 1228 1498 occupavit.

686 1557 715 1597 C
729 1559 763 1597 A
773 1558 802 1598 P
810 1558 843 1598 U
853 1557 883 1598 T
916 1558 997 1598 111.

429 1647 491 1678 DE
520 1646 788 1677 ELICIENDIS
819 1646 882 1676 AD
910 1646 1248 1678 PRODITIONEM.

271 1731 306 1769 1.
365 1729 539 1780 Papirius
571 1726 717 1767 Cursor
756 1728 891 1766 consul
921 1728 1021 1779 apud
1056 1727 1260 1766 Tarentum
1285 1726 1439 1776 Miloni,
1472 1725 1536 1778 qui

157 1799 239 1825 cum
286 1786 480 1837 praesidio
527 1784 773 1836 Epirotarum
816 1784 947 1822 urbem
994 1783 1215 1834 obtinebat,
1261 1783 1423 1823 salutem
1463 1782 1536 1833 ipsi

156 1849 194 1881 et
222 1842 496 1893 popularibus,
528 1842 559 1879 si
588 1853 658 1892 per
685 1841 789 1879 illum
816 1841 961 1892 oppido
989 1841 1199 1892 potiretur,
1232 1840 1432 1891 pollicitus
1462 1844 1534 1877 est.

156 1898 303 1946 Quibus
334 1898 513 1949 praemiis
538 1897 604 1935 ille
637 1903 841 1948 corruptus
863 1895 1315 1949 persuasit‘Tarentinis‚
1338 1901 1380 1934 ut
1406 1907 1452 1934 se
1480 1895 1537 1934 le-

154 1961 283 2004 gatum
309 1955 356 1993 ad
378 1954 577 1992 consulem
598 1954 811 1992 mitterent:
838 1965 859 1991 a
888 1965 963 2004 quo
984 1953 1099 2005 plena
1129 1954 1319 2004 promissa
1347 1964 1397 1991 ex
1421 1957 1536 2003 pacto

155 2009 355 2059 referens,
394 2011 430 2048 in
460 2010 706 2048 securitatem
741 2009 957 2061 oppidanos
985 2009 1174 2059 resolvit,
1207 2015 1323 2061 atque
1351 2009 1403 2046 ita
1432 2007 1537 2045 incu-

158 2066 337 2106 stoditam
366 2066 500 2104 urbem
531 2064 688 2104 Cursori
714 2066 879 2105 tradidit.

270 2121 308 2161 2.
364 2121 413 2160 Μ.
437 2121 668 2170 Marcellus,
705 2134 788 2160 cum
811 2123 1092 2171 Syracusanum
1123 2119 1324 2185 quemdam
1350 2118 1538 2157 Sosistra-

157 2186 234 2218 tum
261 2178 308 2218 ad
341 2177 643 2230 proditioneme
627 2178 901 2227 sollicitasset,
931 2190 980 2216 ex
1013 2190 1061 2217 eo
1092 2176 1274 2227 cognovit
1295 2175 1444 2213 remiss.
1437 2176 1539 2214 'ores

159 2235 352 2275 custodias
381 2234 467 2272 fore
493 2233 555 2272 die
580 2234 705 2282 festo,
738 2245 814 2286 quo
839 2233 1035 2285 Epicydes
1063 2231 1306 2284 praebiturus
1327 2237 1434 2270 esset
1462 2231 1539 2269 vini

158 2292 434 2343 epularumque
466 2290 628 2341 copiam.
685 2289 806 2339 Igitur
834 2291 1032 2330 insidiatus
1059 2288 1238 2327 hilaritati
1260 2292 1299 2326 et
1324 2299 1424 2338 quae
1454 2299 1539 2325 eam

157 2348 394 2400 sequebatur
442 2346 670 2396 socordiae,
720 2347 947 2385 munimenta
989 2343 1235 2393 conscendit,
1278 2343 1540 2394 vigilibusque
