1566 2496
126 120 205 160 126
570 131 671 176 SEX,
699 133 815 163 1UL11
844 133 1068 165 ERONTmI

121 243 172 272 111
212 240 250 272 et
285 233 472 285 Verginio
513 234 613 275 Rufo
654 245 705 274 111
749 236 999 288 consulibus,
1051 232 1099 277 ad
1138 249 1211 277 nos
1253 250 1345 278 cura
1386 245 1507 280 trans-

120 291 196 330 lata
228 297 299 329 est.
1377 338 1387 347 ·

237 347 329 387 103.
390 346 502 386 Nunc
541 359 639 399 quae
680 348 895 388 observare
933 356 1090 389 curator
1127 362 1311 402 aquarum
1349 350 1506 401 debeat,

122 410 160 442 et
191 403 303 454 leges
333 410 569 455 senatusque
599 405 775 444 consulta
804 406 851 444 ad
883 407 1147 446 instruendum
1168 419 1254 446 eum
1276 408 1508 458 pertinentia

120 459 360 511 subiungam.
423 459 535 500 Circa
564 462 621 500 ius
653 462 853 501 ducendae
877 474 1001 514 aquae
1021 465 1058 502 in
1079 464 1240 515 privatis
1263 463 1506 503 observanda

122 523 229 566 sunt,
276 529 324 555 ne
364 518 449 568 quis
490 518 572 556 sine
607 518 745 557 litteris
777 517 979 569 Caesaris,
1021 520 1058 559 id
1090 526 1150 558 est
1177 532 1226 559 ne
1257 521 1341 572 quis
1369 532 1508 572 aquam

119 573 312 625 publicam
351 584 427 611 non
455 574 718 625 impetratam,
760 581 818 624 et,
855 587 903 613 ne
935 571 1019 626 quis
1050 575 1213 628 amplius
1244 588 1355 628 quam
1385 578 1504 628 impe·

119 631 232 669 travit
268 630 394 669 ducat.
454 629 509 668 Ita
540 632 639 669 enim
674 631 907 681 efficiemus,
947 638 986 670 ut
1015 632 1174 682 modus,
1214 645 1327 684 quem
1355 633 1504 684 adquiri

119 686 304 736 diximus,
347 687 473 738 possit
501 687 548 726 ad
577 699 700 726 novos
732 688 916 726 salientes
947 693 987 726 et
1017 688 1064 727 ad
1089 700 1188 727 nova
1217 689 1405 738 Principis
1435 689 1503 728 be-

116 743 255 782 neficia
292 739 503 794 pertinere.
564 743 605 781 In
639 750 804 795 utroque
841 750 966 782 autem
1004 756 1143 795 magna
1180 757 1272 784 cura
1301 745 1504 796 multiplici

117 799 349 851 opponenda
377 799 501 838 fraudi
532 806 604 851 est.
666 800 843 838 Sollicite
874 800 1036 840 subinde
1066 802 1212 840 ductus‘
1232 807 1343 840 extra
1369 801 1505 840 urbem

117 855 377 895 circumeundi
408 855 455 894 ad
485 857 810 906 recognoscenda
838 856 1049 896 beneficia:
1078 858 1181 897 idem
1207 858 1245 896 in
1266 857 1440 897 castellis
1465 864 1503 896 et

116 912 343 951 salientibus
374 911 614 962 faciendum,
656 919 695 951 ut
721 915 804 952 sine
832 913 1277 967 intermissionediebus
1307 914 1502 953 noctibus·

117 980 191 1021 que
223 981 320 1020 aqua
351 967 462 1013 ssuat;
495 969 598 1020 quod
629 976 785 1009 senatus
817 981 971 1021 quoque
996 971 1172 1010 consulto
1195 977 1350 1010 curator
1369 970 1502 1010 facere

115 1024 292 1074 iubetur,
331 1026 438 1063 cuius
467 1025 566 1064 haec
594 1026 713 1065 verba
743 1032 850 1065 sunt:

233 1082 324 1121 104.
386 1090 513 1128 QUOD
559 1091 602 1129 Q.
642 1091 811 1122 AELIUS
858 1091 1064 1134 TUBERO,
1113 1092 1292 1123 PAULUs
1335 1091 1500 1122 FABIUS

115 1147 326 1178 MAXIMUS
359 1146 483 1177 COSS.
515 1148 558 1179 V.
585 1148 627 1177 F.
657 1148 721 1177 DE
750 1148 945 1179 NUMERO
976 1148 1278 1179 PUBLICORUM
1315 1148 1501 1179 SALIEN-

115 1204 249 1246 TIUM,
290 1203 370 1242 QUI
409 1204 458 1233 IN
494 1204 615 1233 URBE
646 1204 821 1235 ESSENT
857 1204 1093 1243 INTRAQUE
1124 1205 1364 1235 AEDIEICIA
1391 1205 1500 1235 URBI

114 1259 401 1302 CONIUNCTA‚
424 1259 543 1298 QUOS
560 1261 607 1290 M.
621 1261 822 1291 AGRIPPA
837 1261 1068 1304 FECISSET,
1085 1261 1128 1300 Q.
1142 1261 1185 1292 F.
1196 1262 1237 1292 P.
1249 1262 1350 1292 D.E.
1362 1262 1404 1291 R.
1415 1262 1446 1292 1.
1459 1260 1499 1292 c.

111 1316 267 1355 NEQUE
300 1316 474 1346 AUGERI
501 1316 711 1347 PLACERE
739 1317 892 1355 NEQUE
924 1317 1059 1348 MINUI
1086 1317 1317 1348 NUMERUM
1344 1318 1501 1348 PUBLI-

113 1373 273 1403 CORUM
318 1372 629 1414 SALIENTIUM‚
683 1373 805 1411 QUOS
843 1373 967 1404 NUNC
1005 1373 1115 1404 ESSE
1163 1374 1409 1404 RETULERE
1452 1374 1500 1416 ΙΙ,

113 1429 280 1467 QUIBUS
319 1428 565 1459 NEGOTIUM
600 1428 630 1457 A
667 1428 848 1459 SENATU
884 1429 970 1459 EST
1006 1429 1304 1472 IMPERATUM‚
1342 1430 1401 1459 UT
1433 1430 1499 1460 IN-

113 1484 369 1516 SPICERENT
402 1484 551 1522 AQUAS
589 1484 812 1515 PUBLICAS
848 1485 1134 1524 INIRENTQUE
1156 1485 1395 1515 'NUMERUM
1426 1485 1498 1516 SA-

112 1541 340 1571 LIENTIUM
368 1540 683 1571 PUBLICORUM.
729 1541 938 1580 ITEMQUE
965 1541 1196 1585 I’LACERE,
1227 1541 1498 1579 CURATQRES

111 1598 357 1640 AQUARUM,
387 1597 505 1636 QUOS
538 1597 715 1627 CAESAR
745 1598 983 1628 AUGUSTUS
1009 1598 1072 1627 Ex
1095 1598 1300 1629 SENATUS
1327 1597 1499 1630 AUCTO—

111 1654 283 1684 RITATE
336 1654 624 1696 NOMINAVIT,
682 1654 808 1684 DARE
857 1654 1072 1698 OPERAM,
1116 1655 1196 1685 UTI
1244 1654 1498 1686 SALIENTES

111 1710 298 1741 PUBLICI
325 1711 454 1749 QUAM
479 1710 808 1741 ADSIDUISSIME
836 1711 1063 1741 INTERDIU
1085 1712 1144 1741 ET
1163 1710 1318 1741 NOCTU
1336 1695 1499 1750 AQUAl’i

112 1768 160 1797 IN
188 1767 312 1797 USUM
340 1767 510 1797 POPULI
539 1767 834 1798 FUNDERENT.
864 1782 920 1786 —
956 1758 998 1797 In
1028 1759 1104 1798 hoc
1133 1764 1288 1798 senatus
1320 1758 1497 1798 consulto
1549 1769 1561 1814 ,g

113 1813 342 1853 crediderim
367 1814 643 1863 adnotandum,
677 1815 780 1866 quod
809 1821 964 1853 senatus
994 1821 1068 1854 tam
1095 1816 1228 1866 augeri
1254 1827 1366 1866 quam
1385 1816 1498 1854 minui

113 1870 326 1909 salientium
356 1871 596 1922 publicorum
622 1884 817 1910 numerum
838 1872 1014 1910 vetuerit.
1075 1871 1119 1910 Id
1141 1871 1282 1910 factum
1304 1873 1496 1919 existimo,

112 1927 200 1978 quia
220 1927 354 1964 modus
375 1939 579 1978 aquarum,
602 1939 702 1978 quae
723 1927 781 1966 his
803 1927 1043 1979 temporibus
1065 1928 1100 1965 in
1122 1927 1255 1966 urbem
1275 1927 1496 1975 veniebant,

113 1988 316 2033 antequam
356 1981 515 2021 Claudia
559 1989 596 2021 et
639 1983 738 2022 Anio
775 1984 908 2022 Novus
945 1983 1272 2036 perducerentur,
1311 1985 1495 2023 maiorem

114 2039 379 2089 erogationem
412 2050 555 2089 capere
585 2051 659 2077 non
692 2041 905 2079 videbatur.

229 2095 319 2134 105.
381 2094 454 2142 Qui
483 2107 617 2145 aquam
648 2097 684 2134 in
715 2109 806 2135 usus
837 2098 1009 2148 privatos
1038 2096 1233 2136 deducere
1266 2094 1391 2143 volet,
1430 2094 1494 2131 im-

114 2157 269 2204 petrare
309 2163 394 2189 eam
433 2150 590 2189 debebit
629 2158 668 2190 et
701 2165 722 2191 a
757 2153 936 2205 Principe
971 2152 1176 2204 epistolam
1205 2151 1253 2190 ad
1278 2155 1496 2189 curatorem

111 2208 285 2252 adferre;
327 2213 480 2246 curator
510 2206 648 2246 deinde
678 2208 870 2248 beneficio
903 2208 1084 2248 Caesaris
1113 2212 1312 2260 praestare
1342 2207 1495 2244 maturi·

111 2270 228 2302 tatem
260 2270 297 2303 et
326 2269 618 2315 procuratorem
648 2265 820 2303 eiusdem
851 2265 968 2303 oflicii
999 2265 1176 2303 libertum
1198 2261 1380 2301 Caesaris
1406 2274 1495 2315 pro-

110 2322 210 2358 tinus
241 2321 427 2359 scribere.
489 2319 785 2359 Procuratorem
816 2328 942 2360 autem
972 2321 1113 2372 primus
1144 2318 1200 2358 Τί.
1228 2317 1411 2358 Claudius
1441 2320 1495 2357 vi-
