1566 2496
133 140 183 180 16
532 138 538 141 ’
620 148 720 182 sex.
750 149 867 181 mnu
896 147 1120 182 PRONTINI

129 254 244 349 ξυοιο
276 253 531 305 frequentiori
567 255 711 305 mugitu
748 256 922 307 speciem
957 255 1232 295 remanentium
1268 250 1508 308 praebebant

157 311 307 349 ostium.
1434 321 1441 326 “

242 366 308 405 27.
337 366 493 417 Hanno,
516 366 564 406 ab
587 366 763 406 hostibus
785 367 960 417 clausus,
984 368 1111 407 locum
1130 369 1322 420 eruptioni
1344 369 1507 408 maxime
1557 362 1559 365 ’

128 429 258 474 aptum
291 423 463 474 adgestis
490 423 642 462 levibus
671 425 848 465 materiis·
860 424 1046 469 incendit:
1075 430 1153 463 tum
1182 425 1295 463 hoste
1323 425 1371 464 ad
1401 432 1506 464 cete-

130 491 196 518 ros
229 481 354 519 exitus
386 480 661 519 custodiendos
687 487 875 531 avocato,
906 480 1046 525 milites
1073 493 1145 533 per
1170 481 1292 532 ipsam
1321 481 1507 520 flammam

129 536 284 586 eduxit,
313 536 525 575 admonitos
548 548 616 575 ora
646 538 778 586 scutis,
810 550 920 576 crura
950 543 1060 576 veste
1091 544 1315 588 contegere.

244 592 310 632 28.
342 592 551 642 Hannibal,
572 599 613 631 ut
635 594 871 645 iniquitatem
895 594 1071 633 locorum
1095 600 1133 633 et
1155 595 1321 645 inopiam
1345 595 1508 633 instante
1565 641 1566 644 Ἴ

130 648 250 687 Fabio
289 648 454 688 Maximo
495 650 706 700 effugeret,
749 656 864 689 noctu
902 650 1047 700 boves,
1092 649 1229 702 quibus
1280 650 1328 689 ad
1366 661 1509 689 cornua

130 705 340 745 fasciculos
380 705 618 756 adligaverat
665 713 965 756 sarmentorum,
1003 706 1178 745 subiecto
1217 707 1307 757 igne
1349 706 1507 748 dimisit:
1564 744 1566 752 ,

131 774 294 812 cumque
337 762 424 813 ipso
468 768 572 801 motu
616 762 868 802 adolescente
915 763 1063 802 flamma
1104 762 1324 801 turbaretur
1371 774 1509 814 pecus,
1564 772 1566 774 ·

130 830 266 868 magna
299 818 579 858 discursatione
609 825 779 869 montes,
818 821 856 858 in
886 830 984 871 quos
1014 825 1139 858 actum
1169 824 1274 868 erat,
1307 818 1510 858 collustra-
1558 813 1566 838 ’-

131 876 197 913 vit.
258 874 441 924 Romani,
473 876 536 927 qui
564 875 610 914 ad
639 876 915 927 speculandum
938 881 1236 924 concurrerant,
1267 875 1390 926 primo
1420 885 1510 926 pro-

131 931 274 981 digium
299 932 444 982 opinati
480 937 585 970 sunt:
619 932 757 971 deinde
799 945 883 971 cum
925 938 1032 971 certa
1063 931 1184 970 Fabio
1213 931 1509 979 renuntiassent,

131 987 197 1027 ille
228 988 275 1026 de
303 987 523 1027 insidiarum
552 994 655 1027 metu
687 1000 779 1027 suos
811 989 949 1028 castris
988 989 1191 1033 continuit;
1228 986 1383 1027 barbari
1409 986 1511 1029 ohsi-

133 1050 258 1083 stente
284 1044 388 1083 nullo
414 1044 583 1096 profecti
613 1051 710 1084 sunt.

681 1156 879 1197 CAPUT
910 1157 976 1196 vl.

434 1245 497 1275 DE
527 1245 715 1276 msmus
739 1246 790 1276 IN
819 1242 1010 1275 mmmm
1041 1242 1216 1274 FAcr1s.

253 1326 288 1364 1.
315 1325 472 1364 Fulvius
487 1324 685 1374 Nobilior,
709 1337 793 1363 cum
810 1335 859 1362 ex
876 1324 1030 1363 Samnio
1047 1325 1084 1363 in
1101 1323 1278 1364 Lucanos
1297 1325 1510 1363 exercitum

137 1383 298 1421 duceret
330 1387 369 1419 et
397 1382 649 1431 cognovisset
678 1393 699 1419 a
729 1380 904 1431 perfugis
936 1379 1070 1419 hostes
1100 1382 1349 1420 novissimum
1378 1393 1515 1431 agmen

136 1440 220 1477 eius
237 1437 516 1487 adgressuros,
538 1437 782 1475 fortissimam
805 1436 998 1486 legionem
1014 1438 1136 1489 primo
1158 1438 1237 1487 ire,
1259 1437 1389 1476 ultima
1405 1437 1523 1488 sequi*

136 1495 247 1532 iussit
271 1494 554 1545 impedimenta.
614 1492 670 1532 Ita
701 1493 840 1532 factum
861 1504 931 1543 pro
957 1495 1166 1533 occasione
1187 1494 1355 1545 amplexi
1376 1493 1516 1538 *hostes
1554 1531 1555 1535 ,

134 1551 308 1601 diripere
329 1551 501 1589 sarcinas
520 1555 746 1601 coeperunt.
806 1548 962 1588 Fulvius
983 1549 1198 1600 legionem,
1229 1550 1277 1588 de
1305 1561 1379 1601 qua
1400 1560 1516 1600 supra

138 1607 279 1646 dictum
306 1612 385 1654 est,
413 1607 579 1658 quinque
611 1604 794 1645 cohortes
819 1606 858 1643 in
881 1605 1054 1644 dextram
1078 1607 1164 1644 viae
1185 1611 1333 1656 partem
1363 1605 1516 1654 direxit,

138 1664 307 1714 quinque
339 1662 385 1701 ad
417 1663 624 1706 sinistram;
665 1668 780 1713 atque
817 1663 868 1700 ita
898 1662 1138 1712 praedationi
1170 1662 1337 1700 intentos
1366 1660 1516 1710 hostes,

140 1719 338 1771 explicato
367 1731 438 1770 per
467 1726 626 1770 utraque
658 1718 779 1757 latera
808 1717 948 1767 milite,
982 1718 1120 1757 clausit
1147 1718 1380 1769 ceciditque.

253 1775 292 1814 2.
324 1775 451 1823 Idem,
483 1775 660 1814 hostibus
689 1781 841 1825 tergum
879 1775 961 1813 eius
999 1775 1036 1812 in
1073 1775 1210 1813 itinere
1239 1771 1517 1825 prementibus,

141 1833 228 1870 dum
257 1832 410 1870 flumine
440 1831 741 1880 interveniente,
772 1843 847 1869 non
878 1832 929 1869 ita
959 1842 1122 1882 magno,
1152 1836 1191 1870 ut
1210 1830 1407 1869 transitum
1427 1839 1517 1880 pro-

141 1887 315 1936 hiberet,
355 1894 571 1926 moraretur
608 1893 733 1925 tamen
779 1887 1005 1938 rapiditate,
1057 1887 1216 1926 alteram
1250 1886 1444 1938 legionem
1482 1885 1520 1922 in

142 1943 298 1983 occulto
349 1944 443 1982 citra
487 1943 626 1982 flumen
666 1943 895 1992 collocavit,
945 1949 985 1981 ut
1023 1942 1159 1982 hostes
1195 1943 1388 1994 paucitate
1427 1951 1518 1979 con-

143 2006 286 2050 tempta
317 1999 498 2037 audacius
525 2006 792 2049 sequerentur.
860 1993 1070 2047 Quod'ubi
1108 1999 1358 2045 factumest,
1397 1995 1519 2047 legio,

145 2067 245 2108 quae
269 2054 318 2093 ob
350 2055 426 2093 hoc
454 2055 642 2106 disposita
673 2061 776 2105 erat,
808 2055 856 2094 de
887 2056 1031 2094 insidiis
1062 2056 1212 2094 hostem
1241 2053 1427 2104 adgressa
1454 2063 1518 2092 va-

143 2113 271 2152 stavit.

258 2167 297 2207 3.
326 2165 540 2218 Iphicrates
571 2167 608 2205 in
641 2167 842 2206 Thraciam
870 2179 953 2206 cum
983 2171 1145 2218 propter
1179 2163 1521 2204 conditionemlo-

148 2237 278 2265 corum
302 2223 456 2272 longum
484 2234 620 2272 agmen
653 2223 866 2262 deduceret
895 2229 933 2261 et
961 2223 1165 2261 nuntiatum
1192 2221 1228 2259 ei
1256 2226 1362 2260 esset
1385 2220 1520 2260 hostes

147 2293 330 2320 summum
354 2278 391 2318 id
417 2279 694 2329 adgressuros,
719 2279 902 2317 cohortes
932 2280 969 2317 in
994 2284 1155 2328 utraque
1180 2276 1301 2318 latera
1331 2277 1522 2316 secedere

149 2345 186 2377 et
209 2338 423 2376 consistere
439 2335 568 2385 iussit,
589 2341 742 2374 ceteros
760 2334 970 2385 subfugere
988 2340 1026 2373 et
1045 2334 1118 2372 iter
1132 2339 1337 2372 maturare.
1383 2332 1521 2372 Trans·
