1566 2496
223 152 286 183 DE
309 150 463 191 Aoum
491 148 719 180 noca-mus
743 147 878 179 muns
906 146 1065 178 Rom
1090 145 1242 176 Lmen.
1365 135 1418 174 99

50 257 111 296 Ac
146 267 195 295 ne
229 254 319 307 quid
346 254 394 293 ad
429 254 547 292 totius
576 254 634 291 rei
670 253 867 303 pertinens
903 250 1073 289 notitiam
1111 249 1420 300 praetermisisse

50 313 206 362 videar,
234 311 384 350 nomina
405 311 566 361 primum
597 320 802 359 aquarum,
834 318 933 358 quae
958 307 994 344 in
1019 305 1151 343 urbem
1182 304 1341 343 Romam
1366 305 1419 342 in-

52 369 192 418 fluunt,
218 378 376 420 ponam;
405 372 484 404 tum
512 377 585 416 per
613 375 711 415 quos
741 374 918 414 quaeque
940 374 1070 400 earum
1099 367 1138 399 et
1161 360 1299 412 quibus
1329 371 1420 399 con-

52 423 219 473 sulibus,
253 428 372 474 quoto
395 427 500 473 ,post
532 420 665 459 urbem
703 419 893 459 conditam
934 429 1032 456 anno
1071 417 1280 468 perductae
1324 417 1420 460 sint;

47 479 188 521 deinde
203 479 340 531 quibus
362 490 413 516 ex
433 478 530 516 locis
551 483 591 515 et
612 489 634 515 a
654 482 773 527 quoto
789 475 951 514 miliario
968 474 1217 524 coepissent,
1243 478 1422 524 quantum

49 535 299 576 subterraneo
328 535 436 583 rivo,
464 539 645 585 quantum
670 532 981 579 substructione,
1011 535 1190 581 quantum
1217 541 1339 579 opere
1363 540 1422 567 ar-

52 597 184 636 cuato;
207 597 296 643 post
324 589 558 629 altitudinem
585 589 791 639 cuiusque,
823 586 1142 636 modulorumque
1173 586 1360 623 rationem
1386 590 1426 623 et

53 660 154 699 quae
182 642 430 697 erogationes
459 645 507 684 ab
531 644 607 683 illis
634 644 761 682 factae
790 645 885 686 sint:
925 648 1101 694 quantum
1132 647 1241 679 extra
1275 640 1423 689 urbem,

55 709 233 754 quantum
268 703 366 740 intra
401 701 535 740 urbem
574 701 777 751 unicuique
809 700 959 749 regioni
987 709 1060 749 pro
1093 708 1164 735 suo
1193 696 1308 735 modo
1333 708 1424 736 una·

57 770 232 811 quaeque
267 769 448 809 aquarum
486 757 646 800 serviat;
689 762 782 806 quot
813 755 975 794 castella
1006 753 1161 806 publica
1198 753 1425 804 privataque

56 816 152 863 sint,
182 820 222 853 et
250 825 301 852 ex
329 813 387 851 his
414 818 593 864 quantum
620 811 786 862 publicis
817 811 1023 862 operibus,
1055 815 1234 860 quantum
1262 809 1425 847 muneri-

57 870 155 919 hus,
187 891 243 900 --
273 870 324 907 ita
358 870 458 907 enim
495 867 677 906 cultiores
710 866 927 918 appellant,
964 889 1020 895 —
1051 871 1229 916 quantum
1263 864 1425 911 lacibus,

58 932 236 976 quantum
257 926 407 963 nomine
428 923 629 971 Caesaris,
662 929 839 973 quantum
860 923 1093 973 privatorum
1120 922 1203 959 usui
1232 920 1427 960 beneficio

56 982 243 1033 Principis
271 981 402 1024 detur3
440 979 542 1030 quod
571 980 630 1017 ius
658 978 915 1017 ducendarum
953 977 1255 1027 tuendarumque
1285 977 1334 1015 sit
1363 988 1426 1015 ea-

57 1049 158 1081 rum:
189 1049 288 1088 quae
311 1036 350 1075 id
378 1037 549 1074 sanciant
567 1046 740 1086 poenae,
773 1046 823 1072 ex
852 1033 1027 1084 legibus,
1059 1039 1215 1071 senatus
1242 1031 1428 1071 consultis

58 1099 100 1132 et
123 1093 310 1132 mandatis
329 1092 542 1142 Principum
571 1093 783 1140 inrogatae.

168 1150 207 1188 4.
261 1146 322 1186 Ab
341 1147 438 1186 urbe
462 1147 613 1186 condita
633 1158 705 1198 per
725 1158 844 1185 annos
869 1153 1064 1184 ccccm
1083 1144 1251 1183 contenti
1274 1143 1429 1182 fuerunt

58 1205 219 1244 Romani
247 1216 317 1243 usu
345 1215 550 1255 aquarum,
581 1215 676 1254 quas
706 1209 769 1241 aut
799 1215 849 1241 ex
878 1201 1007 1240 Tiberi
1036 1207 1101 1240 aut
1130 1213 1180 1239 ex
1207 1201 1335 1251 puteis
1365 1206 1429 1238 aut

58 1273 110 1300 ex
133 1260 301 1299 fontibus
328 1259 565 1299 hauriebant.
623 1258 798 1297 Fontium
827 1258 1011 1296 memoria
1033 1269 1118 1295 cum
1138 1257 1339 1295 sanctitate
1363 1255 1429 1294 ad-

56 1317 133 1356 buc
165 1322 365 1355 exstat-et
406 1315 567 1354 colitur:
602 1314 865 1354 salubritatem
901 1314 1000 1352 enim
1031 1313 1160 1362 aegris
1198 1311 1429 1363 corporibus

58 1373 200 1412 afferre
221 1372 450 1419 creduntur,
474 1373 573 1410 sicut
594 1369 871 1409 Camoenarum
897 1375 936 1408 et
955 1369 1149 1420 Apollinis
1171 1374 1211 1406 et
1235 1367 1427 1406 Iuturnae.

57 1427 167 1467 Nunc
194 1435 318 1467 autem
338 1429 376 1466 in
396 1427 529 1466 urbem
548 1427 723 1466 influunt:
752 1438 849 1477 aqua
870 1425 999 1477 Appia
1012 1454 1024 1474 ,
1045 1424 1146 1463 Anio
1166 1424 1303 1473 Vetus,
1330 1423 1430 1462 Mar-

59 1485 144 1533 cia,
182 1484 351 1535 Tepula,
388 1483 503 1533 Iulia,
533 1483 678 1533 Virgo,
714 1482 926 1530 Alsietina,
958 1492 1057 1532 quae
1098 1481 1236 1520 eadem
1269 1485 1432 1518 vocatur

43 1539 253 1591 ‚Aug-usta,
285 1538 467 1588 Claudia,
498 1540 595 1577 Anio
625 1538 771 1576 Novus.

44 1605 46 1609 ·
171 1596 210 1633 5.
264 1594 314 1632 M.
334 1594 491 1632 Valerio
512 1594 677 1632 Maximo
691 1624 701 1642 ,
730 1594 770 1632 Ρ.
791 1594 914 1632 Decio
935 1592 1042 1630 Mure
1064 1591 1308 1640 consulibus,
1331 1603 1429 1629 anno

62 1656 151 1701 post
179 1651 322 1688 initium
350 1650 543 1688 Samnitici
573 1650 667 1687 belli
697 1658 836 1697 xm,
866 1660 964 1698 aqua
987 1647 1116 1698 Appia
1145 1649 1183 1686 in
1212 1647 1346 1685 urbem
1375 1648 1429 1684 in-

61 1705 174 1744 ducta
196 1710 256 1742 est
275 1704 323 1742 ab
347 1704 475 1755 Appio
497 1703 657 1743 Claudio
678 1703 820 1742 Crasso
844 1715 1029 1752 censore,
1055 1703 1116 1742 cui
1137 1708 1276 1753 postea
1297 1700 1430 1742 Caeco

61 1760 131 1798 fuit
157 1771 392 1810 cognomen,
434 1761 498 1810 qui
533 1766 572 1798 et
605 1761 705 1798 viam
734 1760 898 1811 Appiam
929 1771 951 1798 a
980 1765 1092 1810 porta
1122 1757 1279 1809 Capena
1307 1770 1431 1810 usque

62 1815 111 1854 ad
148 1815 280 1854 urbem
312 1813 478 1866 Capuam
506 1816 745 1854 muniendam
778 1816 935 1854 curavit.
995 1813 1198 1864 Collegam
1227 1813 1358 1853 habuit
1385 1813 1429 1852 C.

62 1871 270 1919 Plautium,
302 1872 362 1909 cui
392 1871 442 1909 ob
472 1872 670 1922 inquisitas
692 1872 774 1910 eius
802 1883 923 1922 aquae
942 1883 1063 1909 venas
1088 1871 1259 1908 Venocis
1284 1881 1430 1920 cogno·

60 1938 148 1966 men
178 1927 303 1965 datum
333 1932 406 1965 est.
464 1927 543 1965 Sed
565 1928 652 1978 quia
674 1927 707 1965 is
736 1928 831 1966 intra
851 1939 986 1966 annum
1015 1933 1055 1965 et
1078 1939 1150 1965 sex
1169 1938 1339 1975 menses,
1362 1927 1427 1965 de-

64 1989 201 2034 ceptus
222 1995 243 2021 a
264 1982 418 2032 collega
442 1989 628 2034 tamquam
658 1983 834 2021 invidiam
858 1983 1029 2032 facturo,
1056 1982 1249 2021 abdicavit
1272 1994 1315 2021 se
1340 1994 1427 2020 cen-

61 2051 171 2087 sura,
202 2049 341 2076 nomen
371 2050 495 2089 aquae
523 2038 571 2077 ad
599 2037 715 2089 Appii
742 2044 883 2078 tantum
912 2039 1098 2078 honorem
1126 2039 1333 2089 pertinuit:
1366 2038 1430 2087 qui

59 2094 190 2134 multis
219 2093 602 2144 tergiversationibus
628 2095 844 2134 extraxisse
866 2107 1065 2133 censuram
1093 2094 1275 2142 traditur,
1307 2093 1432 2131 donec

65 2155 110 2188 ot
133 2151 235 2189 viam
271 2156 311 2188 et
349 2150 459 2188 huius
494 2161 617 2201 aquae
659 2150 810 2189 ductum
849 2156 1138 2189 consummaret.
1210 2148 1435 2198 Concipitur

67 2203 191 2256 Appia
221 2207 259 2247 in
295 2217 391 2256 agro
424 2205 656 2254 Lucullano,
698 2207 759 2244 via
794 2206 1062 2255 Praenestina,
1103 2207 1201 2243 inter
1236 2203 1435 2242 miliarium

66 2267 132 2298 VII
147 2267 186 2299 et
197 2270 282 2300 vm
296 2292 309 2311 ‚
326 2261 557 2311 diverticulo
574 2263 816 2300 sinistrorsus
831 2274 1010 2314 passuum
1026 2269 1259 2300 DCCLxxx.
1287 2258 1434 2296 Ductus

68 2315 154 2354 eius
179 2316 295 2356 habet
323 2318 599 2368 longitudinem
619 2330 640 2356 a
669 2319 796 2369 capite
819 2330 942 2370 usque
962 2318 1007 2357 ad
1032 2317 1202 2364 Salinas,
1233 2315 1296 2365 qui
1326 2313 1436 2352 locus

1107 2383 1164 2421 7²3
