1566 2496
132 146 185 186 94
580 157 680 190 sex.
708 158 824 190 mnu
853 159 1079 191 FRommx

131 260 355 312 gistratibus
385 260 638 312 Ennensium,
679 262 783 314 quod
821 269 1029 315 suspectos
1060 274 1132 303 eos
1160 269 1352 317 tamquam
1377 267 1513 307 transi-

130 319 275 357 tionem
313 317 361 356 ad
399 317 569 357 Poenum
597 325 779 370 pararent
813 319 1004 370 habebat,
1047 321 1144 372 petit
1169 322 1282 360 unius
1311 324 1438 363 noctis
1465 323 1513 363 ad

130 373 452 414 deliberationem
481 375 663 426 spatium;
697 375 942 428 indicataque
970 376 1153 416 militibus
1183 377 1318 417 fraude
1345 378 1515 419 Graeco-

129 443 236 480 rum,
261 443 345 469 cum
370 431 654 483 praecepisset,
685 437 724 470 ut
752 434 874 483 parati
904 438 1061 484 postera
1081 433 1144 472 die
1174 435 1323 484 signum
1349 429 1514 488 exspec-

129 493 276 537 tarent,
309 489 430 538 prima
463 487 552 526 luce
582 488 855 527 adsistentibus
889 489 1174 539 magistratibus
1204 490 1438 531 redditurum
1469 505 1514 531 se

131 544 264 583 claves
294 543 408 593 dixit,
440 544 473 582 si
502 544 603 583 idem
635 556 768 583 omnes
794 544 998 584 Ennenses
1021 547 1277 585 censuissent.
1339 547 1398 588 Ob
1430 561 1515 588 eam

131 612 285 640 causam
315 601 495 639 universa
533 601 770 640 multitudine
803 607 1016 641 convocata
1055 602 1092 640 in
1120 602 1307 641 theatrum
1339 611 1377 643 et
1413 605 1515 645 idem

129 657 348 707 flagitante,
377 657 580 696 manifesta
606 657 812 697 deficiendi
830 658 1050 708 voluntate,
1078 659 1192 709 signo
1217 659 1398 700 militibus
1426 662 1515 737 dato

130 714 334 752 universos
355 712 559 752 Ennenses
584 714 738 753 cecidit.

243 780 310 819 23.
369 781 583 832 Iphicrates
623 781 700 820 dux
735 781 1027 820 Atheniensium
1057 781 1224 821 classem
1254 794 1360 821 suam
1385 783 1517 823 hostili

130 836 260 876 habitu
288 838 487 887 instruxit,
519 844 558 877 et
586 837 632 877 ad
665 849 735 876 eos
766 849 864 889 quos
893 843 1100 890 suspectos
1129 838 1298 878 habebat
1322 840 1513 889 invectus,

130 906 214 933 cum
247 893 371 932 effuso
411 894 537 933 studio
583 895 853 946 exciperetur,
893 893 1137 946 deprehensa
1178 905 1312 934 eorum
1354 895 1514 948 perfidia

129 950 312 1002 oppidum
343 950 512 1002 diripuit.

243 1017 310 1056 24.
371 1017 428 1056 Ti.
459 1016 678 1069 Gracchus,
701 1030 785 1057 cum
811 1018 999 1058 edixisset
1021 1019 1188 1059 futurum
1206 1026 1247 1059 ut
1269 1031 1319 1058 ex
1334 1019 1516 1058 volonum

130 1085 289 1113 numero
315 1073 482 1112 fortibus
508 1074 727 1114 libertatem
749 1074 881 1123 daret,
908 1075 1071 1126 ignavos
1101 1075 1281 1115 crucibus
1310 1075 1513 1128 adfigeret,

132 1137 170 1169 et
193 1136 372 1182 quattuor
399 1130 503 1170 milia
526 1143 576 1169 ex
601 1130 682 1181 his,
714 1133 777 1183 qui
798 1132 955 1182 segnius
976 1139 1265 1184 pugnaverant,
1295 1137 1399 1170 metu
1418 1143 1514 1184 poe->

130 1199 203 1226 nae
234 1187 271 1225 in
305 1186 505 1238 quemdam
543 1188 723 1226 munitum
751 1188 891 1226 collem
922 1189 1114 1239 coissent,
1153 1189 1255 1227 misit
1285 1187 1347 1239 qui
1374 1189 1431 1227 eis
1462 1188 1516 1227 di·

133 1250 290 1292 cerent,
328 1250 447 1282 totum
486 1243 558 1282 sibi
598 1245 808 1283 exercitum
844 1244 1027 1283 volonum
1064 1245 1208 1283 vicisse
1236 1244 1381 1294 videri,
1414 1245 1516 1296 quod

133 1301 267 1340 hostes
300 1300 509 1350 fugissent;
544 1306 583 1339 et
612 1301 669 1339 sic
695 1311 765 1339 eos
797 1306 836 1340 et
867 1312 935 1339 sua
965 1300 1040 1340 fide
1069 1306 1107 1340 et
1126 1302 1299 1352 ipsorum
1319 1307 1423 1340 metu
1449 1313 1516 1340 ex-

132 1357 283 1395 solutos
312 1356 476 1407 recepit.

248 1425 313 1463 25.
370 1422 557 1462 Hannibal
590 1429 679 1474 post
715 1422 926 1474 proelium,
957 1434 1033 1475 quo
1064 1425 1261 1474 ingentem
1291 1424 1442 1464 cladem
1470 1425 1518 1464 ad

135 1481 397 1520 Trasimenum
442 1478 625 1517 Romani·
645 1485 911 1530 acceperunt,
956 1492 1042 1518 cum
1089 1493 1162 1518 sex
1205 1481 1307 1520 milia
1351 1481 1518 1520 hostium

132 1538 359 1589 interposita
382 1536 562 1588 pactione
581 1536 617 1573 in
638 1541 870 1588 potestatem
901 1547 1006 1574 suam
1037 1536 1276 1586 redegisset,
1301 1538 1431 1576 socios
1447 1536 1516 1576 La-

134 1595 202 1632 tini
223 1594 385 1632 nominis
404 1592 569 1642 benigne
588 1593 624 1630 in
646 1593 821 1630 civitates
842 1604 930 1630 suas
951 1591 1110 1641 dimisit,
1129 1592 1368 1632 dictitans'se
1385 1593 1517 1632 Italiae

134 1650 358 1690 liberandae
389 1661 504 1688 causa
534 1648 678 1687 bellum
700 1661 867 1699 gerere;
901 1660 1113 1700 eorumque
1135 1660 1255 1700 opera
1276 1649 1423 1701 aliquot
1448 1661 1517 1701 po·

136 1707 250 1759 pulos
280 1708 317 1745 in
344 1706 575 1746 deditionem
608 1705 775 1756 accepit.

250 1773 318 1813 26.
378 1772 518 1822 Mago,
563 1784 646 1810 cum
682 1771 795 1809 Locri
834 1770 1104 1811 obsiderentur
1142 1785 1164 1812 a
1208 1771 1343 1812 Cincio
1382 1771 1519 1811 classis

138 1836 294 1868 nostrae
326 1829 550 1881 praefecto,
583 1828 730 1867 diffudit
761 1827 808 1866 ad
832 1827 1002 1867 Romana
1025 1835 1151 1868 castra
1175 1840 1391 1878 rumorem,
1420 1827 1519 1867 Han·

137 1886 304 1924 nibalem
339 1897 457 1924 caeso
486 1884 675 1923 Marcello
711 1884 758 1923 ad
795 1884 1020 1923 liberandos
1051 1885 1253 1924 obsidione
1278 1884 1425 1924 Locros
1453 1897 1520 1923 ve-

139 1944 265 1981 nisse:
299 1942 396 1981 clam
423 1941 560 1980 deinde
591 1942 743 1992 equites
773 1941 937 1979 emissos
967 1941 1076 1980 iussit
1101 1954 1121 1980 a
1150 1941 1363 1991 montibus,
1391 1941 1455 1992 qui
1483 1941 1520 1979 in

141 2004 354 2049 conspectu
385 2003 515 2047 erant,
544 2010 587 2036 se
616 1997 846 2041 ostendere;
879 2008 955 2047 quo
985 1997 1088 2036 facto
1111 1998 1265 2047 effecit,
1298 2004 1336 2036 ut
1365 1996 1519 2036 Cincius

139 2053 387 2094 Hannibalem
417 2054 557 2092 adesse
588 2060 692 2092 ratus
723 2053 1005 2092 conscenderet
1030 2062 1149 2093 naves
1178 2066 1226 2093 ac
1254 2054 1421 2104 fugeret.

254 2121 323 2161 27.
383 2122 514 2172 Scipio
546 2121 781 2159 Aemilianus
810 2121 857 2160 ad
886 2121 1124 2160 Numantiam
1146 2120 1319 2160 omnibus
1348 2129 1424 2157 non
1453 2130 1519 2158 co-

142 2178 317 2219 hortibus
353 2183 494 2216 tantum
526 2178 596 2216 sed
630 2184 669 2216 et
697 2179 878 2216 centuriis
905 2178 1127 2228 sagittarios
1157 2183 1195 2216 et
1222 2174 1435 2215 funditores
1465 2176 1519 2214 in-

142 2235 345 2330 ῑθῳοέῑὲη
372 2289 577 2340 Pelopidas
595 2288 814 2338 Thebanus,
832 2301 916 2328 cum
937 2301 957 2327 a
975 2286 1199 2328 Thessalis
1188 2298 1224 2324 m
1241 2285 1367 2337 fugam
1383 2299 1520 2326 versus

145 2349 305 2397 flumen,
340 2348 376 2386 in
408 2357 484 2398 quo
514 2345 792 2384 tumultuarium
823 2345 972 2384 fecerat
1001 2349 1176 2396 pontem,
1208 2342 1440 2393 liberasset,
1469 2355 1520 2382 ne
