1566 2496
107 107 190 138 XIV
686 111 948 143 PRAEFATIO

105 214 311 251 Munatium
349 214 377 250 F
380 215 544 258 laecum:
577 217 658 264 qui,
684 219 775 254 urbe
797 217 923 255 dedita
946 219 1095 255 veniam
1117 230 1140 255 a
1173 219 1337 257 Caesare
1367 219 1498 267 implo-

107 281 214 316 rans,
242 282 318 307 non
338 272 560 318 impetravit.
595 274 718 310 Antea
736 275 878 320 Marcii,
901 275 1117 322 priusquam
1140 274 1202 312 hic
1222 275 1272 311 ad
1294 276 1496 313 Caesarem

106 326 315 372 transierat,
338 328 605 366 cornicularius
627 330 761 376 fuerat,
784 335 878 367 teste
898 332 1087 368 Frontino.
1115 324 1134 384 Η
1162 336 1197 371 3.
1218 333 1496 380 exciperentur)

107 394 181 419 non
201 386 450 431 exciperetur.

222 439 311 487 Cap.
332 440 416 476 XV.
437 444 473 480 3.
495 445 619 487 arato)
641 443 754 490 Vulg.
775 453 888 490 saepe
910 455 988 479 ar..·
1019 442 1120 490 quod
1141 444 1186 479 ab
1218 443 1368 490 optimis,
1391 443 1495 480 libris

106 497 223 533 abest.
244 491 262 549 Η
283 501 318 535 5.
334 497 657 544 adscensusycum
679 499 786 543 Oud.‚
807 511 875 547 pro
897 509 1078 536 accessus.
1100 494 1118 552 Η
1138 509 1221 536 oves
1241 509 1282 536 eo
1291 500 1496 546 paverunt)

104 552 216 601 Vulg.
237 558 301 590 aut
314 563 420 590 caseo
436 558 621 600 paverunt
633 565 788 603 pecora.
838 556 1022 593 Ridicule.
1078 556 1237 593 Secutus
1267 567 1348 592 sum
1378 555 1495 592 Palat.

104 609 190 645 Vox
205 619 346 656 pecora
363 620 386 646 a
405 610 527 647 mullis
544 611 646 648 libris
666 613 782 658 abest,
803 613 838 648 in
859 613 941 649 aliis
964 613 1036 648 alio
1054 613 1136 649 loco
1156 612 1323 659 ponilu1'3
1353 611 1401 647 ad
1422 611 1496 648 hoe

103 665 199 702 infra
218 666 383 713 sequitur
397 676 528 703 earum
543 670 635 712 (non
653 671 809 715 eorum).
842 669 947 705 Illata
966 673 1023 705 est
1037 679 1084 704 ex
1109 679 1188 715 seq.
1206 678 1349 716 pecora
1360 677 1494 714 pasce-

101 726 196 758 rent.
220 716 238 774 Η
257 723 381 770 impul.
395 725 546 770 praes.)
562 724 616 760 Ita
634 725 812 770 Peli-ens„
834 736 907 761 non
921 735 1051 772 praes.
1066 725 1291 761 dimiserunt.
1311 717 1329 776 Η
1349 727 1384 763 6.
1401 734 1497 760 com·

98 781 265 826 portari)
278 779 331 815 Ita
346 780 526 825 Peli-ens„
542 791 617 816 non
632 783 858 830 compellere,
873 781 974 828 quod
989 792 1036 817 ex
1052 780 1229 828 praeced.
1245 780 1318 816 huc
1335 780 1492 828 irrepsit.

218 834 307 882 Cap.
327 835 425 874 XVI.
443 839 480 875 3.
506 846 546 873 se
561 839 692 884 pens.)
719 847 759 874 se
783 839 908 884 recepi
937 849 958 874 e
986 839 1117 874 Petren
1194 831 1212 888 Η
1253 836 1388 882 dilatis)
1409 847 1495 874 cum

102 891 243 938 Lipsio‚
258 903 326 938 pro
348 885 453 928 dalis.
475 887 492 944 Η
514 903 564 930 ex
578 893 774 940 Romanis)
805 894 858 929 Ita
876 893 976 931 Med.
998 905 1054 940 pr.
1091 894 1126 930 A
1183 893 1235 929 idi
1253 902 1376 939 raros,
1393 892 1495 940 quod

105 948 143 983 in
163 952 371 984 ceterorum
393 949 567 985 librorum
589 950 750 987 lectione
771 954 805 986 el
822 950 1010 987 Romanos
1030 951 1127 987 latet.

218 1003 309 1052 Cap.
337 1004 452 1042 XVII.
473 1009 506 1043 1.
523 1005 663 1051 Livius)
691 1007 804 1054 Vulg.
833 1007 965 1044 Velius.
987 1005 1042 1044 Cf.
1068 1006 1130 1042 111.
1147 1008 1182 1050 3,
1203 1006 1238 1043 6.
1260 999 1278 1057 Η
1297 1005 1495 1050 incautius)

104 1071 152 1096 ex
172 1060 288 1106 Leid.‚
308 1072 376 1107 pro
395 1062 579 1098 incautus.
614 1057 633 1115 Η
665 1067 700 1101 2.
721 1073 771 1099 ex
783 1064 888 1109 imp.)
909 1063 1049 1110 Recepi
1070 1072 1245 1109 praepos.
1267 1072 1314 1096 ex
1334 1060 1434 1097 Med.
1459 1065 1495 1096 et

103 1118 270 1155 Petrens.
297 1111 315 1170 Η
342 1119 376 1155 4.
397 1119 605 1165 eruptione)
635 1130 717 1156 cum
743 1119 881 1166 Lipsio,
905 1131 974 1168 pro
994 1119 1230 1166 eruptionem.
1254 1111 1271 1168 Η
1291 1119 1324 1155 6.
1349 1118 1452 1165 reye)
1472 1128 1494 1152 e

104 1174 211 1210 bonis
228 1173 342 1212 codd.
355 1175 513 1212 restitui.
533 1169 549 1228 Η
571 1177 731 1220 artiora)
751 1187 835 1213 cum
845 1174 1046 1218 stewech„
1065 1185 1137 1221 pro
1150 1174 1344 1220 ampliora.
1364 1173 1495 1210 Castra

104 1230 177 1266 iam
194 1231 332 1278 exigua
352 1236 479 1277 erant,
498 1233 612 1267 refert
629 1232 766 1269 Caesar
792 1232 828 1267 b.
849 1232 890 1267 G.
905 1231 954 1267 V.
971 1234 1030 1276 49,
1049 1229 1119 1266 sed
1138 1229 1248 1265 eliam
1270 1230 1389 1276 magis
1407 1240 1495 1266 con-

103 1287 233 1331 traxit,
260 1291 299 1323 ut
315 1286 461 1323 hostem
476 1288 637 1332 falleret.
687 1287 748 1323 An
768 1288 1005 1334 anqusliora?
1031 1279 1050 1338 Η
1073 1286 1216 1334 proelio
1236 1294 1309 1321 non
1331 1287 1494 1333 aptatos)

105 1343 128 1379 i.
150 1353 183 1377 e.
206 1342 254 1379 ad
273 1343 470 1389 proelium.
492 1343 519 1379 Ι.
536 1346 571 1387 8,
594 1347 635 1381 5:
657 1345 783 1390 aptari
798 1344 900 1379 iussit
917 1342 1126 1379 milites.ad
1142 1352 1325 1389 puynam.
1366 1342 1492 1389 Nega—

103 1399 243 1434 tionem
281 1409 355 1435 non
390 1399 472 1445 ipse
506 1399 659 1444 inserui,
695 1410 735 1435 re
772 1400 821 1435 ita
851 1398 1054 1447 flagitante.
1097 1398 1233 1434 Hostes
1264 1397 1495 1446 intelligendi

104 1459 201 1500 sunt,
222 1455 393 1502 occupati
422 1454 459 1490 in
480 1455 593 1494 fossis
615 1455 814 1502 implendis
845 1460 881 1491 et
908 1456 1007 1491 vallo
1033 1454 1252 1492 scindendo.
1308 1454 1361 1491 Cf.
1384 1455 1492 1492 Caes.

104 1522 139 1548 c·
159 1515 217 1550 51.
238 1505 256 1563 Η
277 1514 312 1551 7.
329 1512 526 1558 plurimos)
562 1513 603 1548 In
623 1513 732 1549 bonis
767 1512 870 1549 libris
899 1516 956 1549 est
975 1511 1189 1559 plurimum.
1229 1512 1289 1546 An
1309 1511 1492 1558 plurimo—

103 1579 190 1603 rum
215 1569 402 1604 civitates?
430 1568 537 1606 Caes.
558 1569 596 1605 b.
623 1569 664 1605 G.
687 1569 748 1604 111.
778 1571 841 1607 19:
868 1569 1028 1605 civitates
1055 1576 1178 1604 omnes
1205 1576 1246 1602 se
1266 1567 1492 1604 dediderunt.

105 1619 122 1673 Η
145 1628 180 1662 8.
200 1627 432 1672 oppuynanle
451 1627 594 1671 eorum)
637 1625 691 1661 Ita
707 1625 790 1672 lego
812 1636 861 1660 ex
871 1626 1038 1661 Petrens.
1058 1624 1326 1670 (oppugnante)
1348 1627 1384 1658 et
1404 1623 1495 1658 alio-

103 1691 184 1715 rum
215 1681 392 1717 librorum
423 1682 615 1728 vestigiis,
648 1692 716 1728 pro
751 1685 1007 1730 oppugnatum
1026 1679 1216 1727 oppidum,
1245 1679 1329 1725 ipsa
1348 1689 1387 1714 re
1409 1689 1492 1715 eam

101 1736 398 1772 emendationem
420 1741 613 1783 poscente.

215 1793 293 1830 Lib.
314 1794 377 1829 IV.
412 1793 571 1831 Praesat.
587 1794 624 1829 in
639 1792 725 1838 hoc)
749 1792 1010 1839 libraquarto.
1039 1790 1162 1838 Supra
1177 1791 1285 1827 trium
1303 1790 1492 1830 librorum.
1512 1830 1515 1831 γ
1565 1803 1566 1812 ³

101 1849 198 1884 infra
211 1851 396 1896 priorum.
418 1844 435 1901 Η
455 1849 505 1885 Et
516 1859 606 1886 sane
622 1859 684 1886 res
705 1851 794 1894 etc.)
838 1849 890 1885 Ita
911 1849 1033 1885 locum
1057 1848 1201 1884 restitui
1224 1858 1308 1884 eum
1328 1844 1492 1890 Onnum

102 1905 278 1942 librorum
306 1906 490 1952 vestigiis.
527 1906 642 1952 Vulg.
664 1908 699 1941 et
724 1915 816 1941 sane
835 1906 930 1942 velut
945 1905 1095 1945 reo-’dua
1123 1914 1212 1952 exp.
1228 1906 1325 1940 suni.
1365 1902 1492 1938 Verba

101 1966 137 1998 et
156 1963 242 2009 ipse,
262 1971 357 2007 quae
379 1966 463 1997 ante
477 1962 642 1998 ordinem
661 1962 928 2008 vulgabantur,
948 1971 1032 1996 cum
1052 1965 1223 2007 quattuor
1242 1970 1334 2001 mss.
1353 1957 1490 1995 delevi.

217 2016 305 2064 Cap.
330 2017 355 2054 Ι.
380 2021 415 2055 3.
451 2027 513 2065 eqo
544 2018 646 2062 vero)
677 2028 724 2053 ex
742 2017 923 2062 Petrens„
953 2028 1021 2064 pro
1045 2026 1107 2064 eqo
1127 2025 1200 2053 eos.
1232 2009 1256 2067 Η
1283 2016 1318 2051 4.
1339 2013 1490 2059 Paullo)

103 2074 208 2111 Certe
227 2074 364 2110 rectius
393 2071 464 2110 hoc
486 2084 622 2109 nomen
640 2073 740 2118 (Liv.
760 2072 875 2109 XXII.
891 2075 970 2118 38),
995 2084 1105 2119 quam
1120 2073 1268 2108 Flacco.
1287 2063 1305 2121 Η
1327 2072 1384 2108 14.
1404 2069 1491 2108 Ma-

101 2131 247 2175 levenl.)
275 2130 445 2176 Plerique
467 2130 550 2166 libri
571 2128 811 2166 Statuentum.
840 2130 954 2175 Vulg.
975 2129 1232 2165 Beneventum.
1255 2119 1272 2177 Η
1292 2127 1350 2164 17.
1370 2125 1492 2162 subire

101 2191 206 2223 mort.
237 2185 366 2231 dubit.)
392 2186 445 2221 Ita
473 2187 579 2233 lego,
609 2197 676 2232 pro
699 2186 844 2222 dubiam
866 2189 1015 2222 mortem
1036 2185 1241 2220 timuissent.
1285 2180 1388 2219 Leid.
1412 2192 1491 2218 sec.

99 2245 314 2280 vilam‘ssent.
354 2243 478 2278 Valet.
501 2241 600 2277 Max.
622 2242 664 2277 Il.
684 2244 719 2286 7,
737 2246 771 2279 2.
794 2242 964 2277 Extern.:
996 2239 1072 2284 Quo
1097 2239 1226 2285 aperte
1243 2236 1490 2282 denuntiabat,

96 2298 285 2346 futurum.
308 2303 347 2337 ut
373 2299 540 2346 spiritum
549 2307 695 2345 poenae
714 2297 981 2344 impenderent,
1010 2304 1114 2343 quem
1132 2303 1282 2342 pugnae
1298 2298 1490 2342 acceptum
