1566 2496
263 134 714 169 STRATEGEMATICON
731 134 822 165 LIB-
847 134 897 165 11.
929 132 1191 165 CARVLVH.
1363 124 1412 162 51
1454 124 1458 129 ¹

569 237 600 278 C
613 238 648 278 A
658 238 686 278 P
695 237 728 277 U
738 237 769 277 Τ
797 235 898 276 VII.

378 327 441 357 m:
469 324 832 357 mssmunmms
862 323 1102 380 ADVERsls.

163 410 200 449 1.
259 407 392 447 Tullus
423 407 609 446 Hostilius
642 418 715 445 rex
742 405 1019 454 Romanorum,
1052 405 1256 443 commisso
1287 403 1421 443 adver-

49 477 116 504 sus
139 464 327 504 Veientes
356 463 533 516 proelio,
560 475 645 502 cum
673 461 813 501 Albani
842 462 998 500 deserto
1029 461 1204 500 exercitu
1232 460 1443 500 Romano--

49 534 132 560 rum
159 522 357 573 proximos
393 525 572 572 peterent
600 518 763 569 tumulos
794 530 919 569 eaque
955 529 1020 555 res
1050 516 1242 555 turbasset
1272 523 1423 556 nostro-

51 590 133 617 rum
148 578 315 626 animos,
348 575 454 615 clare
479 567 757 627 pronuntiavit,
787 575 894 612 iussu
913 584 983 612 suo
1001 572 1175 611 Albanos
1197 572 1234 611 id
1264 573 1424 622 fecisse,

52 639 93 672 ut
121 634 270 672 hostem
299 632 630 671 circumvenirent.
690 629 799 678 Quae
825 642 889 668 res
921 635 959 668 et
988 635 1177 668 terrorem
1197 628 1426 667 Veientibus

54 695 96 728 et
110 688 288 728 Romanis
304 688 477 727 fiduciam
490 686 643 731 adtulit;
659 698 818 737 remque
835 685 1051 724 inclinatam
1067 685 1231 724 consilio
1249 685 1426 724 restituit.

166 743 206 782 2.
262 743 304 782 L.
334 743 462 792 Sulla,
502 755 586 781 cum
618 742 841 794 praefectus
870 742 979 790 eius,
1011 742 1213 780 comitante
1242 752 1318 779 non
1347 742 1427 780 exi-

54 811 131 850 gua
159 799 327 850 equitum
350 810 483 847 manu,
515 799 717 836 commisso
748 799 820 837 iam
845 797 998 848 proelio
1027 797 1074 836 ad
1105 797 1237 836 hostes
1265 797 1427 836 transfu-

56 856 201 906 gisset,
232 855 510 919 pronuntiavit,
542 854 648 892 iussu
676 865 745 892 suo
775 854 813 892 id
838 853 998 897 factum:
1031 865 1154 904 eaque
1184 853 1332 892 ratione
1362 854 1428 892 mi-

58 911 164 950 litum
191 911 339 949 animos
367 921 444 948 non
472 915 614 948 tantum
646 921 667 947 a
698 909 924 948 confusione
954 910 1137 958 retraxit,
1169 909 1239 948 sed
1268 909 1431 960 quadam

59 967 174 1018 eti*
196 978 267 1018 spe
294 965 487 1015 utilitatis,
516 977 613 1016 quae
641 965 679 1004 id
704 965 903 1004 consilium
924 970 1104 1003 secutura
1134 970 1262 1014 esset,
1293 965 1429 1004 confir-

59 1023 187 1063 mavit.

170 1078 209 1118 3.
266 1076 395 1126 Idem
426 1089 510 1116 cum
535 1076 742 1115 auxiliares
767 1076 849 1115 eius
871 1075 976 1114 missi
1003 1074 1050 1114 ab
1075 1076 1161 1126 ipso
1184 1055 1434 1114 circumventi

61 1134 110 1174 ab
141 1132 316 1172 hostibus
354 1138 393 1171 et
424 1133 617 1172 interfecti
653 1138 806 1181 essent,
844 1137 1147 1181 terereturque
1186 1143 1234 1170 ne
1271 1137 1435 1182 propter

61 1191 136 1230 hoc
158 1189 331 1229 damnum
349 1189 551 1227 universus
567 1188 778 1240 trepidaret
793 1187 1010 1236 exercitus,
1039 1188 1311 1238 pronuntiavit,
1328 1188 1433 1226 auxi-

60 1247 199 1295 liar-es,
237 1246 301 1296 qui
336 1245 384 1284 ad
424 1244 684 1283 defectionem
724 1244 1031 1294 conspirassent,
1071 1243 1235 1281 consilio
1266 1255 1286 1281 a
1319 1255 1363 1281 se
1398 1244 1436 1281 in

61 1302 149 1341 loca
190 1301 319 1352 iniqua
355 1300 555 1340 deductos.
623 1300 679 1339 Ita
715 1299 1060 1339 manifestissimam
1096 1299 1246 1338 cladem
1279 1298 1436 1337 ultionis

59 1357 302 1396 simulatione
340 1357 482 1396 velavit
518 1362 557 1395 et
592 1356 749 1395 militum
785 1356 931 1395 animos
959 1354 1032 1394 hac
1060 1356 1313 1406 persuasione
1345 1366 1436 1394 con-

62 1413 235 1452 firmavit.

173 1469 214 1507 4.
271 1468 429 1519 Scipio,
461 1480 545 1507 cum
570 1468 759 1519 Syphacis
783 1467 903 1517 legati
932 1467 1147 1505 nuntiarent
1177 1467 1214 1504 ei
1243 1468 1355 1516 regis
1379 1467 1438 1505 sui

61 1515 235 1574 nomine,
265 1537 314 1562 ne
339 1524 478 1563 fiducia
500 1525 699 1563 societatis
730 1524 812 1562 eius
835 1535 885 1561 ex
906 1522 1037 1561 Sicilia
1066 1523 1104 1560 in
1122 1498 1311 1561 Africam0
1318 1529 1439 1561 trans-

40 1581 166 1628 'iret,
205 1581 378 1629 veritus,
419 1592 467 1618 ne
513 1579 835 1618 confunderentur
879 1578 990 1616 animi
1037 1589 1189 1616 suorum
1210 1607 1221 1626 ,
1267 1577 1440 1616 abscissa

65 1636 271 1686 peregrina
300 1635 487 1674 societate
510 1636 651 1675 dimisit
675 1645 845 1685 propere
871 1633 1024 1683 legatos
1046 1639 1084 1672 et
1111 1633 1248 1672 famam
1278 1634 1440 1682 diffudit,

67 1696 254 1740 tamquam
284 1690 383 1728 ultro
415 1703 436 1729 a
465 1690 644 1741 Syphace
672 1690 941 1728 arcessiretur.

179 1746 219 1783 5.
278 1744 326 1792 Q.
367 1746 585 1794 Sertorius,
618 1758 702 1784 cum
730 1747 815 1784 acie
844 1745 1085 1793 decertaret,
1120 1743 1350 1793 barbarum,
1379 1744 1443 1795 qui

70 1801 106 1839 ei
130 1801 369 1839 nuntiaverat
396 1800 619 1840 Hirtuleium
649 1802 838 1852 periisse,
866 1802 1036 1851 pugione
1063 1801 1237 1848 traiecit,
1265 1812 1313 1838 ne
1345 1806 1383 1838 et
1409 1802 1444 1838 in

68 1856 228 1895 aliorum
257 1856 294 1895 id
324 1857 492 1895 notitiam
522 1856 736 1908 perferret,
769 1862 807 1895 et
836 1856 887 1895 ob
913 1857 989 1896 hoc
1018 1857 1128 1895 animi
1159 1868 1313 1895 suorum
1342 1856 1443 1894 infir-

67 1918 273 1954 marentur.

181 1969 221 2008 6.
282 1966 504 2006 Alcibiades
542 1968 812 2017 Atheniensis,
847 1980 931 2007 cum
971 1967 1020 2006 ab
1055 1966 1254 2017 Abydenis
1293 1966 1445 2018 proelio

70 2029 298 2074 urgueretur
325 2023 531 2075 subitoque
559 2036 697 2074 magno
729 2037 840 2063 cursu
871 2025 1017 2063 tristem
1046 2024 1255 2062 adventare
1285 2022 1447 2061 tabella-

70 2081 165 2118 rium
195 2079 551 2129 animadvertisset,
583 2092 668 2118 eum
696 2079 892 2132 prohibuit
916 2079 1042 2131 palam
1076 2080 1231 2127 dicere,
1264 2078 1353 2130 quid
1384 2077 1448 2115 ad-

70 2135 203 2174 ferret.
260 2135 411 2174 Deinde
438 2141 592 2174 secreto
618 2137 860 2185 sciscitatus,
889 2147 910 2174 a
931 2135 1178 2174 Pharnabazo
1202 2136 1313 2184 regio
1339 2145 1449 2182 prat

72 2190 175 2230 fecto
212 2190 378 2230 classem
409 2204 513 2230 suam
547 2191 783 2243 obpugnari,
818 2191 953 2230 celatis
987 2198 1026 2229 et
1055 2191 1230 2230 hostibus
1263 2196 1299 2227 et
1324 2188 1450 2225 militi

74 2245 143 2284 bns
172 2247 360 2297 proelium
386 2248 486 2296 iniit,
516 2259 562 2286 ac
591 2253 775 2298 protenus
803 2247 850 2287 ad
878 2247 1114 2300 eripiendam
1142 2247 1307 2285 classem
1335 2244 1450 2282 (lucto

74 2303 247 2349 exercitu
274 2304 352 2342 suis
377 2315 492 2356 opem
520 2303 620 2344 tulit.

1114 2369 1171 2406 4·
