1566 2496
426 13 435 23 ¹
488 7 509 31 Ο

296 132 747 166 εΤΒΑΤΕαΕΜΑΤιοοΝ
775 133 868 164 mn.
899 132 947 163 11.
980 132 1080 163 CAP.
1112 133 1155 163 v.
1364 123 1419 163 47

0 240 3 249 ⁴
40 237 121 277 bus·
141 236 337 289 paullatim
365 236 574 286 cederent,
605 235 731 276 donec
749 235 918 288 spatium
948 235 1085 275 darent
1113 236 1371 287 consurgendi
1399 248 1422 276 a

41 300 155 344 tergo
187 290 240 333 ob
277 290 354 332 ho'c
380 292 590 344 dispositis.
651 291 764 340 Quod
797 298 999 344 postquam
1031 305 1080 331 ex
1110 294 1300 332 sententia
1329 305 1419 332 con·

39 348 383 404 tigitfsonversis
410 349 474 399 qui
494 355 605 399 terga
625 347 782 387 dedisse
804 347 1054 396 videbantur,
1075 349 1248 388 medium
1269 349 1421 389 hostem

40 394 295 457 trepidantem
322 404 480 450 cecidit;
508 405 616 456 ipsos
644 405 757 443 etiam
786 416 932 456 equos,
962 404 1092 456 pedite
1123 407 1332 444 comminus
1357 418 1420 445 ac·

42 458 229 510 cedente,
270 461 472 500 confodit:
514 471 642 512 eoque
679 460 831 512 proelio
878 460 1054 500 fiduciam
1088 462 1194 512 regi,
1234 474 1346 514 quam
1382 463 1420 501 in

42 516 288 569 equestribus
318 517 441 568 copiis
466 515 659 566 habebat,
688 517 868 568 detraxit.

92 574 99 579 “
152 573 219 614 34.
244 611 247 613 ,
279 572 442 612 Crassus
473 572 580 612 bello
611 573 857 624 fugitivorum
885 571 987 624 apud
1015 570 1263 612 Calamatium
1293 575 1419 626 (mon-

40 630 139 680 tem)
166 629 255 668 bina
278 635 405 668 castra
420 630 635 674 'comminus
653 641 738 668 cum
758 629 923 668 hostium
940 630 1077 667 castris
1093 629 1271 668 vallavit:
1303 636 1420 669 nocte

28 684 180 729 deinde
217 685 456 724 commutatis
492 685 636 737 copiis,
677 691 854 724 manente
898 686 1098 737 praetorio
1133 686 1170 723 in
1209 686 1419 725 maioribus

42 734 212 788 castris,
242 740 537 779 ut-fallerentur
574 741 729 791 hostes,
770 742 856 792 ipse
891 753 1024 779 omnes
1055 743 1191 792 copias
1221 742 1351 781 eduxit
1381 748 1421 780 et

40 795 80 834 in
114 795 306 834 radicibus
342 797 531 846 praedicti
566 798 704 835 montis
750 798 964 842 constituit;
1003 797 1206 849 divisoque
1247 800 1418 850 equitatu

42 851 244 902 praecepit
278 850 320 890 L.
348 850 552 900 Quinctio,
589 858 737 903 partem
774 854 963 907 Spartaco
1002 853 1178 893 obiceret
1212 866 1420 906 pugnaque

42 919 129 944 eum
154 906 428 956 frustraretur,
458 914 568 958 parte
599 908 672 947 alia
704 907 835 947 Gallos
853 907 1141 960 Germanosque
1169 923 1219 949 ex
1248 911 1419 950 factione

42 960 148 1001 Casti
181 968 220 1003 et
249 962 407 1002 Gannici
449 963 621 1002 eliceret.
645 964 692 1002 ad
732 975 897 1015 pugnam
927 970 966 1003 et
992 977 1119 1016 pugna
1149 966 1323 1006 simulata
1351 967 1416 1006 de-

42 1018 223 1068 duceret,
255 1018 319 1057 ubi
344 1019 429 1070 ipse
460 1020 583 1061 aciem
617 1021 869 1059 instruxerat:
900 1030 1112 1071 quoscum
1133 1021 1286 1060 barbari
1315 1024 1417 1062 inse-

41 1074 120 1113 cuti
158 1080 311 1124 essent,
351 1076 481 1126 equite
516 1076 729 1115 recedente
762 1077 799 1114 in
837 1087 1002 1126 cornua,
1043 1077 1170 1116 subito
1198 1079 1311 1116 acies
1339 1078 1416 1117 Ro-

39 1141 151 1169 mana
184 1130 369 1181 adaperta
406 1140 491 1170 oum
525 1131 693 1170 clamore
734 1134 989 1183 procucurrit.
1049 1133 1220 1184 Triginta
1250 1136 1418 1186 quinque

38 1185 147 1225 milia
172 1193 403 1225 armatorum
432 1198 480 1226 eo
510 1188 664 1239 proelio
698 1188 902 1227 interfecta
932 1201 1016 1228 cum
1042 1191 1137 1241 ipsis
1170 1189 1330 1229 ducibus
1356 1191 1415 1230 Li-

40 1243 124 1280 vius
150 1242 288 1291 tradit,
318 1249 502 1294 receptas
533 1245 698 1295 quinque
724 1244 915 1283 Romanas
940 1246 1113 1296 aquilas,
1144 1247 1253 1296 signa
1283 1260 1353 1286 sex
1378 1254 1418 1287 et

40 1297 194 1348 viginti,
225 1298 340 1337 multa
357 1299 505 1350 spolia,
538 1301 637 1339 inter
653 1313 750 1351 quae
769 1301 934 1351 quinque
952 1302 1082 1340 fasces
1098 1315 1182 1341 cum
1197 1304 1413 1343 securibus.

148 1353 215 1393 35.
276 1353 320 1396 C.
345 1354 502 1394 Cassius
526 1357 564 1394 in
589 1357 698 1406 Syria
717 1357 904 1395 adversus
922 1357 1084 1396 Parthos
1108 1359 1253 1397 ducens
1275 1361 1412 1409 aciem,

38 1409 207 1460 equitem
237 1411 405 1450 ostendit
434 1424 455 1450 a
482 1411 636 1461 fronte,
669 1425 753 1451 cum
783 1412 830 1451 ab
859 1419 971 1463 tergo
1003 1415 1173 1465 peditem
1198 1416 1235 1453 in
1261 1416 1413 1461 confra-

36 1476 138 1514 goso
168 1465 258 1504 loco
287 1467 542 1511 occultasset;
571 1468 659 1508 dein
688 1469 852 1508 cedente
880 1470 1050 1520 equitatu
1081 1477 1120 1509 et
1150 1483 1221 1521 per
1250 1478 1341 1511 nota
1368 1485 1413 1511 se

36 1521 273 1572 recipiente,
302 1523 340 1560 in
359 1530 608 1575 praeparatas
638 1525 794 1564 insidias
819 1525 1000 1576 perduxit
1025 1527 1237 1565 exercitum
1254 1528 1413 1568 Partho·

37 1587 120 1614 rum
146 1582 187 1614 et
212 1578 364 1617 cecidit.

148 1632 214 1671 36.
273 1633 473 1673 Ventidius
501 1634 664 1693 [zai-thos
696 1641 734 1674 et
769 1635 997 1685 Labienum,
1032 1637 1186 1677 alacres
1219 1642 1411 1679 successi-

36 1685 108 1725 bus
136 1688 400 1737 victoriarum,
430 1690 523 1728 dum‘
545 1701 638 1729 suos
662 1691 747 1742 ipse
767 1703 841 1742 per
862 1693 1141 1732 simulationem
1170 1701 1292 1734 metus
1320 1708 1411 1735 con-

37 1742 151 1790 tinet,
182 1745 360 1782 evocavit
382 1750 421 1782 et
446 1746 483 1782 in
503 1745 591 1783 loca
617 1747 743 1797 iniqua
765 1747 976 1798 deductos,
1006 1750 1217 1799 adgressus
1247 1763 1319 1802 per
1343 1752 1411 1792 ob·
1456 1771 1459 1778 v

35 1798 274 1848 reptionem,
312 1799 433 1838 adeo·
452 1799 684 1852 debellavit,
715 1808 755 1841 nt
784 1803 966 1843 destituto
1004 1805 1186 1845 Labieno·>
1212 1810 1411 1859 provincia

36 1853 273 1892 excederent
302 1854 439 1896 Parthi.
1230 1891 1238 1897 l

16 1944 21 1954 ,
148 1908 213 1948 37.
272 1909 377 1948 Idem
405 1911 590 1951 adversus
618 1912 883 1965 Pharnapaten
921 1922 960 1954 et
990 1916 1173 1967 Parthos,
1209 1931 1294 1959 cum
1323 1922 1409 1973 ipse

33 1965 213 2015 exiguum
248 1977 443 2005 numerum
474 1967 631 2006 militum
667 1969 851 2019 haberet,
888 1971 965 2011 illis
1000 1980 1125 2012 autem
1155 1975 1330 2015 fiduciam
1360 1989 1409 2015 ex

33 2021 271 2059 multitudine
295 2022 446 2061 videret
473 2023 718 2075 increscere,
749 2026 797 2065 ad
826 2026 926 2066 latus
951 2033 1165 2069 'castrorum
1190 2033 1408 2071 octodecim

30 2076 216 2115 cohortes
255 2079 292 2115 in
327 2077 494 2118 obscura
510 2075 623 2118 “valle
653 2083 801 2131 posuit,
846 2085 1015 2134 equitatu
1043 2093 1135 2137 post
1162 2093 1273 2138 terga
1301 2089 1407 2139 pedi·

34 2136 111 2170 tum
141 2133 359 2172 conlocato.
417 2134 511 2173 Tum
536 2147 683 2186 paucos
707 2137 908 2178 admodum
934 2141 1074 2180 milites
1102 2143 1140 2180 iu
1167 2143 1317 2182 hostem
1339 2145 1405 2181 mi-

34 2186 102 2231 sit3
137 2189 200 2238 qui
227 2188 291 2228 ubi
323 2190 495 2230 simulata
523 2190 614 2242 fuga
642 2191 793 2232 hostem
821 2194 944 2234 effuse
970 2205 1198 2249 sequentem
1226 2199 1324 2237 ultra
1348 2198 1404 2237 lo-

34 2252 119 2281 cum
135 2244 352 2284 insidiarum
373 2247 606 2298 perduxere,
637 2255 771 2288 coorta
797 2262 820 2290 a
839 2250 962 2291 latere
992 2254 1112 2304 acies,
1138 2255 1403 2306 praecipitatis

32 2297 72 2336 in
94 2297 221 2350 fugam
249 2299 419 2354 Parthis,
450 2303 487 2341 in
515 2303 574 2342 his
603 2303 870 2361 Pharnapaten
898 2307 1103 2348 interfecit.
