1566 2496
286 132 734 168 srmrmssustrrcon
758 131 851 163 ΜΒ.
879 130 930 162 11.
957 130 1058 162 CAP.
1087 130 1138 162 11.
1350 122 1398 162 31

148 240 212 280 10.
267 237 371 279 Iberi
390 238 429 277 in
447 236 601 286 Africa,
629 236 773 287 ingenti
800 235 963 274 hostium
987 233 1227 272 multitudine
1247 234 1405 285 excepti

34 297 307 347 timentesque,
342 306 392 333 ue
430 294 703 341 circuirentur,
743 291 1009 342 adplicuerunt
1036 302 1080 328 se
1109 289 1271 338 flumini,
1300 290 1404 342 quod

34 352 129 392 altis·
148 352 187 391 in
206 362 252 390 ea
276 350 438 400 regione
466 350 560 401 ripis
589 347 825 400 profluebat:
857 347 923 399 qui
950 347 1001 385 ita
1030 351 1189 396 a0tergo
1207 357 1317 384 amne
1338 345 1405 384 de-

33 407 133 448 fensi
151 413 192 447 et
218 398 403 456 subinde,
433 417 519 444 cum
538 405 677 444 virtute
707 408 971 456 praestarent,
998 401 1228 440 incursando
1255 403 1292 440 in
1317 414 1405 454 pro·

32 465 158 504 ximos
187 473 338 502 omnem
362 461 527 501 hostium
557 461 768 499 exercitum
794 464 1023 498 straverunt.

149 520 214 559 1'1.
271 517 512 569 Xanthippus
541 516 867 556 Lacedaemonius
894 514 978 554 sola
1007 514 1085 553 loci
1113 515 1409 554 commutatione

34 577 224 615 fortunam
251 574 382 614 Punici
417 573 512 613 belli
539 573 741 612 convertit.
798 571 895 610 Nam
926 573 1033 620 cum,
1061 582 1083 609 a
1112 570 1408 622 desperantibus

32 633 109 671 iam
138 629 518 681 Carthaginiensibus
562 628 746 668 mercede
788 627 1042 676 sollicitatus,
1076 626 1411 666 animadvertisset

34 687 155 726 Afros
182 686 357 739 quidem,
386 687 452 737 qui
482 686 652 737 equitatu
677 690 715 724 et
742 683 958 735 elephantis
986 682 1254 734 praestabant,
1284 683 1410 722 colles

37 743 203 794 sectari,
229 754 252 781 a
269 741 451 780 Romanis
475 748 623 790 antem,
646 752 807 792 quorum
828 739 947 778 robur
971 740 1009 778 in
1032 738 1165 790 pedite
1188 745 1285 788 erat,
1309 751 1409 778 cam-

38 798 184 850 pestria
212 797 359 846 teneri,
390 797 543 836 Poenos
569 798 607 836 in
625 797 739 848 plana
764 795 942 839 deduxit;
973 794 1059 844 ubi,
1088 806 1160 846 per
1180 795 1410 847 elephantos

37 853 234 904 dissipatis
269 852 465 892 ordinibus
496 852 780 901 Romanorum,
816 862 975 902 sparsos
1016 863 1088 902 per
1115 851 1297 891 Numidas
1322 864 1409 902 per·

38 915 214 958 secutus,
245 919 379 948 eorum
405 909 616 947 exercitum
642 907 757 957 fudit,
785 908 823 945 in
850 907 954 946 illam
979 906 1078 945 diem
1106 912 1210 946 terra
1237 909 1410 959 marique

39 966 240 1004 victorem.
646 975 650 979 ·
1160 973 1162 975 ·

153 1020 218 1064 12.
275 1019 559 1071 Epaminondas
585 1019 661 1058 dtur
685 1018 975 1068 Thebanorum,
1006 1018 1194 1057 adversus
1218 1018 1412 1058 Lacedae-

39 1078 188 1122 monios
217 1076 432 1115 directurus
460 1076 605 1124 aciem,
637 1086 708 1126 pro
737 1075 864 1113 fronte
886 1075 968 1113 eius
989 1074 1198 1113 decurrere
1221 1075 1412 1125 equitibus

40 1133 179 1183 iussis,
207 1143 292 1171 cum
318 1133 513 1182 ‚ingentem
543 1131 743 1182 pulverem
765 1131 889 1169 oculis
917 1130 1083 1169 hostium
1103 1130 1316 1169 obiecisset
1345 1144 1411 1169 ex-

40 1188 395 1241 spectationemque
430 1188 622 1238 equestris
660 1188 876 1226 certaminis
905 1186 1210 1238 praetendisset,
1251 1188 1412 1226 circum-

41 1246 155 1286 ducto
173 1243 305 1296 pedite
330 1243 379 1282 ab
396 1255 442 1282 ea
462 1249 591 1294 parte,
618 1255 669 1282 ex
696 1255 770 1294 qua
790 1242 977 1281 decursus
995 1243 1033 1280 in
1054 1254 1231 1281 aversam
1248 1243 1411 1282 hostium

40 1301 164 1342 aciem
189 1299 362 1349 ferebat,
392 1300 664 1350 inopinantium
693 1305 805 1349 terga
832 1298 989 1337 adortus
1017 1298 1170 1337 cecidit.

154 1356 220 1396 13.
278 1355 571 1394 Lacedaemonii
596 1356 761 1394 trecenti
788 1360 921 1393 contra
951 1354 1266 1394 innumerabilem
1290 1355 1413 1394 multi-

39 1412 207 1452 tudinem
241 1410 444 1450 Persarum
479 1410 762 1462 Thermopylas
800 1416 1112 1461 occupaverunt,
1152 1423 1310 1462 quarum
1349 1424 1412 1450 an-

39 1469 190 1518 gustiae
218 1478 294 1506 non
322 1467 506 1518 amplius,
537 1478 647 1518 quam
671 1478 804 1518 parem
825 1478 1021 1504 numerum
1040 1468 1250 1517 comminus
1269 1480 1413 1520 pugna·

41 1529 162 1562 turum
196 1529 375 1574 poterant
407 1522 626 1567 admittere;
663 1534 788 1573 eaque
829 1523 1000 1571 ratione,
1039 1529 1217 1573 quantum
1246 1525 1294 1563 ad
1322 1536 1412 1563 con·

41 1590 200 1628 gressus
229 1579 471 1628 facultatem,
493 1579 645 1629 aequati
665 1589 823 1616 numero
843 1577 1107 1627 barbarorum,
1128 1579 1267 1618 virtute
1287 1586 1414 1618 autem

42 1640 307 1684 praestantes,
337 1646 510 1684 maguam
543 1646 677 1672 eorum
705 1640 853 1684 partem
874 1634 1117 1672 ceciderunt:
1143 1647 1217 1674 nec
1242 1637 1415 1686 superati

43 1688 192 1738 forent,
217 1690 290 1728 nisi
311 1702 383 1740 per
404 1690 639 1740 proditorem
655 1689 862 1740 Ephialten
877 1688 1117 1728 Trachinium
1134 1691 1414 1730 circumductus

20 1743 167 1782 'hostis
195 1756 217 1783 a
244 1750 358 1794 tergo
388 1756 459 1783 eos
486 1745 763 1796 obpressisset.
1090 1747 1093 1749 ’

159 1799 224 1838 14.
281 1799 562 1839 Themistocles
590 1801 668 1839 dux
697 1800 1025 1852 Atheniensium,
1047 1814 1133 1841 cum
1170 1803 1321 1842 videret
1347 1805 1416 1842 uti-

46 1854 230 1895 lissimum
268 1854 453 1894 Graeciae
490 1855 676 1894 adversus
710 1856 984 1896 multitudinem
1014 1857 1157 1899 Xerxis
1191 1861 1341 1898 navium
1380 1861 1416 1897 in

44 1910 231 1961 angustiis
259 1910 472 1949 Salaminiis
509 1910 724 1950 decernere
751 1912 865 1964 idque
894 1914 1133 1965 persuadere
1165 1915 1313 1954 civibus
1339 1927 1415 1954 non

46 1972 205 2019 posset,
226 1966 400 2007 sollertia
421 1966 572 2015 effecit,
598 1972 638 2005 ut
655 1979 677 2005 a
701 1966 874 2008 barbaris
894 1969 942 2008 ad
959 1970 1141 2009 utilitates
1162 1983 1252 2010 suas
1276 1971 1416 2010 Graeci

45 2021 385 2074 compellerentur.
445 2021 626 2061 Simulata
663 2034 826 2076 namque
862 2026 1080 2076 proditione
1114 2027 1216 2065 misit
1243 2027 1290 2066 ad
1318 2026 1415 2065 Xer-

45 2090 123 2118 xen
150 2078 214 2129 qui
241 2077 447 2125 indicaret,
474 2077 683 2128 populares
703 2090 795 2119 suos
821 2080 871 2120 de
900 2081 991 2131 ruga
1020 2083 1195 2132 cogitare
1223 2082 1414 2122 difficilio-

45 2146 204 2185 remque
241 2134 277 2172 ei
313 2145 395 2172 rem
429 2132 614 2183 futuram,
652 2135 685 2179 si
713 2135 885 2186 singulas
914 2137 1090 2176 civitates
1119 2138 1323 2177 obsidione
1351 2137 1416 2176 ad-

46 2189 288 2238 grederetur.
348 2188 432 2237 Qua
465 2189 614 2228 ratione
651 2190 806 2242 effecit,
842 2198 884 2231 ut
929 2194 1124 2232 exercitus
1166 2193 1416 2232 barbarorum

50 2245 209 2295 primum
237 2245 534 2296 inquietaretur,
573 2257 658 2284 cum
690 2251 770 2286 tota
807 2254 922 2287 nocte
959 2249 997 2287 in
1021 2250 1187 2288 statione
1218 2249 1417 2287 custodiae

49 2305 199 2346 essent;
227 2300 388 2351 deinde,
414 2302 541 2357 ut-sui
565 2313 674 2340 mane
697 2302 857 2353 integris
884 2303 1027 2344 viribus
1054 2317 1138 2344 cnm
1158 2303 1333 2344 barbaris
1364 2305 1418 2343 vi·
